4941 6508
2085 1926 2381 1991 CAPUT
2430 1926 2477 1988 1.

1161 2127 1297 2201 De
1354 2143 1776 2203 numero·
1819 2125 2406 2225 syllabarum
2466 2127 2561 2201 et
2619 2123 3280 2201 membrorum
3325 2124 3401 2214 1).

846 2390 1200 2454 Saturnius
1265 2410 1496 2454 versus
1562 2389 1829 2473 saepius
1877 2394 1978 2452 est
2026 2386 2431 2453 bimembris.
2529 2386 3082 2451 hemistichia
3132 2385 3530 2450 dividuntur
3578 2384 3928 2462 dihaeresi,

634 2514 707 2571 ut
754 2505 993 2570 ultima
1040 2504 1296 2589 syllaba
1343 2505 1467 2569 coli
1517 2505 1603 2569 sit
1643 2525 1891 2589 anceps
1938 2511 2003 2569 et
2035 2503 2398 2567 ‹lihaeresis
2432 2504 2654 2568 locum
2690 2501 3006 2587 praebeat
3040 2500 3268 2565 hiatui.
3345 2502 3605 2564 numeri
3648 2501 3927 2565 saturnii

633 2630 731 2687 est
779 2645 855 2686 ea
902 2629 1162 2695 natura,
1213 2627 1287 2685 ut
1334 2620 1628 2704 syllabae
1678 2621 1826 2684 illae
1874 2620 2200 2704 aucipites
2249 2619 2627 2683 habeantur
2673 2617 2929 2700 longae.

847 2737 984 2801 Nec
1032 2759 1189 2801 vero
1239 2737 1483 2801 desunt
1531 2735 1858 2800 monocoli
1908 2757 2158 2800 versus,
2254 2735 2445 2798 cuius
2495 2734 2770 2819 quidem
2818 2734 3082 2817 generis
3132 2734 3344 2797 multo
3394 2734 3616 2817 plures
3666 2740 3932 2798 exstant

635 2875 866 2919 versus
937 2875 1140 2938 quam
1209 2853 1409 2937 vulgo
1473 2853 1917 2937 suspicantur.
2014 2850 2443 2915 Andronicus
2492 2849 2788 2934 quidem,
2839 2850 2890 2913 si
2945 2849 3142 2913 modo
3192 2871 3273 2913 ex
3323 2848 3622 2933 reliquiis
3670 2848 3931 2933 exiguis

632 2971 847 3055 iisque
895 2990 1093 3054 saepe
1141 2969 1472 3052 corruptis
1521 2967 1908 3033 conceditur
1957 2970 2176 3032 facere
2225 2966 2698 3041 coniecturam,
2751 2964 3088 3030 interdum
3142 2964 3354 3029 voluit
3387 2965 3675 3028 inserere
3711 2964 3931 3028 Satur-

634 3086 762 3150 niis
823 3084 1309 3150 bimembribus
1364 3083 1717 3149 breviores.
1816 3105 1970 3147 nam
2041 3082 2219 3167 quod
2289 3090 2389 3147 est
2436 3083 2503 3145 in
2556 3082 2769 3146 Servii
2817 3089 3013 3146 aucto
3062 3080 3543 3145 commentario
3592 3079 3676 3144 ad
3731 3080 3927 3165 Verg.

636 3203 798 3267 Aen.
834 3200 883 3266 I.
922 3204 1006 3265 92
1056 3222 1135 3266 ex
1187 3200 1489 3284 Odyssea
1536 3200 1744 3265 latina
1790 3201 1990 3282 iyitur
2036 3201 2281 3265 demum
2343 3200 2527 3266 Ulixi
2562 3200 2585 3283 ΙΙ
2620 3221 2725 3264 cor
2757 3198 2964 3283 frixit
2999 3221 3164 3281 prae
3201 3218 3456 3279 pavore,
3503 3196 3729 3262 hocin
3766 3195 3932 3261 duos

633 3340 865 3383 versus
914 3317 1297 3383 monocolos
1345 3316 1846 3382 accommodate
1895 3315 2237 3391 dividitur,
2291 3316 2358 3379 in
2410 3337 2624 3379 unum
2675 3315 3119 3379 bimembrem
3168 3315 3675 3397 coniunguntur
3708 3314 3932 3377 minus

604 3408 819 3506 'bene
872 3435 1032 3519 quia
1079 3456 1201 3498 nec
1250 3433 1449 3516 iqitur
1494 3434 1736 3498 demum
1799 3433 1973 3498 Ulixi
2019 3452 2142 3496 nec
2189 3454 2293 3496 cor
2325 3432 2533 3515 frixit
2568 3454 2734 3514 prae
2769 3454 3011 3516 pavore
3058 3431 3386 3515 posterius
3429 3429 3930 3494 hemistichium
3999 3517 4002 3528 Ι

633 3570 781 3614 csse
824 3550 1003 3634 apud
1052 3557 1317 3634 poetam
1367 3549 1526 3613 artis
1577 3549 1864 3633 peritum
1918 3549 2151 3633 potuit.
2233 3569 2390 3612 nam
2441 3546 2621 3632 quod
2673 3548 2743 3611 in
2792 3546 3118 3611 lammina
3165 3546 3278 3610 illa
3338 3566 3708 3630 coquorum
3765 3545 3928 3609 Fali-

633 3688 901 3730 scorum
947 3686 1180 3730 versus
1229 3667 1313 3728 92
1374 3674 1438 3728 et
1504 3667 1586 3728 93
1644 3673 1709 3729 et
1756 3667 1840 3727 923
1888 3663 2138 3728 habent
2186 3663 2614 3728 hemistichia
2661 3661 2885 3747 priora
2933 3663 3296 3748 posteriore
3345 3663 3413 3725 in
3465 3668 3649 3746 parte
3699 3683 3932 3726 versus

636 3782 848 3846 locata
920 3782 986 3844 in
1059 3781 1430 3864 eodemque
1492 3781 1787 3845 carmine
1847 3801 2081 3845 versus
2137 3783 2222 3843 92
2271 3787 2335 3844 et
2384 3781 2468 3843 93
2518 3779 2886 3864 posteriora
2935 3780 3002 3841 in
3051 3779 3303 3864 priore:
3356 3777 3469 3842 illa
3515 3777 3745 3842 omnia
3793 3799 3930 3862 per-

637 3898 903 3962 turbata
974 3905 1133 3962 sunt
1201 3905 1403 3981 atque
1475 3902 1790 3961 concocta
1853 3896 1937 3960 ab
1999 3896 2271 3961 homine
2328 3895 2479 3960 rudi
2531 3903 2595 3960 et
2641 3896 2971 3980 imperito,
3069 3896 3200 3958 iam
3252 3895 3322 3957 in
3372 3900 3670 3958 extremo
3718 3893 3932 3977 elogio

634 4013 964 4097 Scipionis
1035 4012 1471 4077 adolescentis
1544 4035 1603 4077 v.
1657 4016 1740 4076 :25
1769 4012 1809 4077 b
1880 4012 2023 4093 quei
2084 4014 2295 4077 minus
2356 4014 2439 4076 sit
2498 4012 2925 4097 <mand>atus
2972 4018 3035 4075 et
3085 4012 3171 4073 24
3198 4010 3237 4074 b
3285 4011 3342 4075 is
3394 4010 3714 4096 <Dit>eist
3762 4031 3928 4075 man-

634 4131 821 4194 datus
868 4168 949 4175 -—
1001 4130 1054 4193 si
1105 4129 1303 4193 modo
1354 4150 1506 4194 vere
1556 4131 1647 4193 ita
1695 4131 1859 4212 legO,
1912 4128 1994 4192 de
2043 4150 2179 4212 qua
2227 4150 2295 4193 re
2344 4127 2498 4192 vide
2544 4126 2614 4191 id
2663 4127 2843 4212 quod
2878 4126 3194 4191 adnotavi
3230 4126 3313 4190 ad
3349 4148 3506 4190 eum
3540 4148 3811 4191 versum
3846 4165 3933 4172 „-

636 4267 769 4310 non
842 4252 1207 4329 potuerunt
1273 4244 1358 4309 ab
1430 4245 1715 4328 eleganti
1778 4245 2051 4328 quidem
2118 4252 2314 4329 poeta
2362 4245 2430 4307 in
2479 4244 2843 4329 posteriorc
2893 4251 3079 4328 parte
3128 4242 3408 4307 saturnii
3462 4243 3692 4321 locari;
3748 4243 3932 4308 relin-

634 4362 864 4446 quitur
910 4381 1067 4444 ergo
1118 4368 1191 4425 ut
1238 4361 1612 4426 habeantur
1660 4361 2009 4425 monocoli.
2107 4361 2199 4425 ita
2247 4360 2537 4444 elogium
2592 4359 2752 4424 illud
2805 4398 2886 4406 —
2938 4359 3128 4424 cuius
3179 4359 3384 4424 verba
3431 4360 3500 4423 in
3542 4358 3762 4443 lapide
3797 4381 3932 4424 non

634 4477 717 4541 ad
790 4485 1074 4541 metrum
1151 4475 1265 4540 scd
1333 4476 1413 4540 ad
1480 4478 1772 4561 spatium
1824 4483 1888 4541 et
1936 4477 2224 4561 speciem
2277 4476 2677 4540 dividuntur
2723 4515 2806 4522 ——
2856 4483 3004 4540 octo
3053 4475 3178 4540 erit
3227 4497 3563 4543 versuum.
3616 4482 3934 4560 quattuor

637 4592 1106 4657 bimembrium
1182 4592 1595 4677 totidemque
1668 4593 2067 4657 breviorum.
2168 4614 2325 4656 uam
2392 4592 2573 4677 quod
2626 4594 2845 4677 priora
2894 4593 3020 4656 tria
3068 4591 3284 4674 elogia
3325 4591 3724 4676 Scipionum
3772 4592 3934 4655 olim

634 4711 912 4795 fuerunt
980 4708 1210 4773 omnia
1278 4730 1513 4773 senum
1589 4730 1925 4773 versuum.
2001 4732 2077 4773 eo
2139 4731 2272 4772 nou
2321 4708 2626 4792 cogimur
2673 4709 2798 4773 hoc
2847 4709 3138 4792 elogium
3189 4706 3487 4772 (lividere
3535 4707 3606 4770 in
3654 4706 3932 4771 totidem

635 4846 885 4889 versus.
982 4847 1199 4908 neque
1249 4825 1430 4889 enim
1477 4832 1696 4889 certus
1748 4846 2068 4889 numerus
2118 4846 2432 4889 versuum
2486 4824 2717 4908 elogiis
2766 4823 2909 4908 lege
2957 4833 3074 4887 aut
3123 4844 3303 4888 more
3353 4824 3801 4907 praescriptus
3836 4829 3933 4888 est

635 4948 697 5006 et
768 4940 1186 5026 epigramma
1254 4941 1489 5005 Naevii
1548 4940 1969 5004 concluditur
2016 4941 2321 5006 versibus
2371 4939 2789 5004 brevioribus
2837 4941 2944 5023 (82
2972 4960 3012 5002 a
3058 4946 3123 5003 et
3171 4939 3234 5023 b)
3283 4939 3587 5004 ciusdem
3633 4941 3928 5024 generis:

636 5058 808 5121 omiti
854 5064 1000 5121 sunt
1048 5058 1287 5121 Rom-ac
1320 5058 1342 5139 ΙΙ
1377 5057 1617 5138 loquier
1664 5058 1885 5139 linqua
1936 5057 2158 5122 latina.
2242 5056 2442 5121 verba
2495 5057 2675 5120 enim
2727 5055 2837 5120 illa
2884 5055 3124 5136 loquier
3176 5057 3401 5138 linyua
3433 5057 3636 5120 latina
3669 5075 3746 5119 ea
3777 5064 3934 5119 sunt

635 5173 880 5257 quibus
950 5180 1063 5237 aut
1138 5195 1368 5238 versus
1440 5173 1823 5237 monocolos
1891 5181 2005 5237 aut
2057 5173 2241 5257 prius
2293 5172 2792 5236 hemistichium
2844 5171 3123 5235 saturnii
3174 5171 3382 5255 possit
3430 5171 3773 5248 contineri3
3826 5192 3932 5255 po-

637 5288 874 5352 sterius
941 5310 1072 5352 non
1140 5290 1369 5373 possit?
1464 5288 1754 5373 denique
1804 5288 2037 5352 titulus
2094 5288 2401 5352 Mummii
2454 5295 2633 5352 totus
2682 5291 2811 5371 (vv.
2866 5288 3149 5368 83—91)
3197 5293 3456 5350 constat
3504 5309 3584 5350 cx
3633 5287 3934 5352 versibus

861 5555 895 5622 ¹)
932 5557 1213 5624 Exempla
1259 5556 1517 5610 collecta
1568 5556 1933 5610 concludunt
1984 5557 2139 5610 hano
2177 5556 2652 5624 disputationem
2692 5558 3295 5623 continenturque
3334 5573 3518 5624 capp.
3562 5557 3647 5609 VI
3685 5562 3752 5608 et
3789 5557 3931 5609 VII.
