4941 6508
1060 588 1137 649 18
2479 606 2538 658 (ἓ.
2585 608 2654 657 Μ.
2697 606 2936 658 Zander.

1270 763 1449 828 Nihil
1523 765 1725 847 igitur
1798 765 2199 848 relinquitur
2268 766 2396 828 nisi
2474 774 2546 829 ut
2614 766 2986 830 abiciamus
3058 768 3176 832 hos
3245 789 3452 831 vanos
3501 773 3781 831 conatus
3829 766 4369 851 desistamusque

1052 903 1186 944 una
1247 881 1475 964 aliqua
1540 881 1708 944 ictus
1765 880 2165 963 disponendi
2220 882 2509 946 formula
2556 884 2999 966 comprimere
3048 883 3345 966 rhythmi
3397 883 3770 946 libertatem
3822 903 3898 945 ac
3949 883 4361 947 varietatem.

1264 996 1353 1059 ln
1425 1003 1675 1060 cantu
1740 1005 1973 1061 *autem
2046 997 2387 1080 quomodo
2460 1012 2562 1061 res
2625 1020 2694 1062 se
2761 998 3069 1062 habuerit
3125 999 3196 1062 in
3247 999 3468 1062 medio
3517 998 3844 1082 relinque.
3944 1020 4364 1082 quamquam

1047 1120 1404 1177 canentem.
1475 1123 1540 1176 et
1609 1120 1871 1196 oport-et
1933 1113 2251 1178 nimirum
2320 1111 2870 1197 aequabilitatem
2919 1114 3223 1198 rhythmi
3272 1135 3583 1179 revocare
3632 1113 3718 1178 ad
3767 1114 4170 1178 severiorem
4225 1135 4369 1177 nor-

1050 1250 1231 1292 mam
1279 1235 1343 1293 et
1391 1229 1542 1293 licet
1588 1228 1672 1291 ob
1724 1227 1792 1291 id
1843 1229 2062 1313 ipsum
2117 1236 2464 1313 tamquam
2517 1229 2869 1293 materiam
2918 1251 3299 1294 sermonem
3351 1231 3451 1294 vel
3512 1234 3575 1292 τὸ
3627 1227 4068 1314 ῥυθμιζόμ.ενον
4118 1230 4368 1294 maiore

1048 1344 1315 1408 licentia
1363 1350 1662 1408 tractare.
1745 1344 2189 1427 quamobrem
2238 1345 2375 1408 veri
2426 1345 2642 1409 simile
2693 1352 2808 1411 est.
2861 1366 3016 1408 cum
3066 1345 3482 1410 canebantur
3530 1345 3833 1421 saturnii,
3879 1347 4091 1410 fuisse
4125 1367 4362 1430 aequa·

1048 1459 1251 1524 bilem
1322 1467 1387 1524 et
1455 1459 1764 1524 ordinem
1835 1468 1899 1524 et
1962 1482 2323 1524 numerum
2371 1461 2913 1546 impressionum.
3012 1460 3194 1545 quod
3244 1469 3774 1526 consentancum
3825 1470 3923 1525 est
3975 1463 4364 1546 praesertim

1046 1576 1115 1640 in
1188 1598 1265 1640 eo
1337 1585 1549 1641 metro
1612 1577 1794 1661 quod
1855 1580 2016 1638 κατὰ
2076 1573 2281 1661 στίχον
2340 1584 2649 1661 ponatur.
2746 1586 2903 1641 sunt
2973 1583 3201 1640 autem
3270 1576 3696 1641 hemistichia
3761 1578 3921 1641 talia
3985 1586 4058 1641 ut
4105 1584 4363 1660 quater-

1046 1693 1276 1756 narius
1347 1693 1871 1776 impressionum
1944 1714 2266 1757 numerus
2337 1693 2768 1777 potissimum
2837 1693 2918 1756 iis
2989 1692 3348 1756 convenire
3420 1691 3759 1767 videatur,
3849 1700 3921 1755 ut
4002 1695 4366 1758 ivn-›noldhat

1047 1809 1328 1873 (iuream.
1429 1809 1583 1872 item
1661 1808 1821 1872 illud
1896 1830 2128 1891 genus,
2204 1809 2393 1872 cuius
2462 1817 2561 1874 est
2607 1811 2958 1890 superbiter
3005 1809 3392 1890 contemptim
3445 1815 3504 1872 et
3559 1807 3740 1872 illud.
3794 1808 3986 1872 cuius
4038 1810 4366 1873 Romanus

1046 1924 1370 1993 ‹krcrciffia
1450 1924 1763 1988 videntur
1832 1924 2331 1989 accommffllatc
2406 1925 2700 2009 potuisse
2772 1932 3010 2008 quater
3069 1925 3269 1989 t'eriri.
3367 1923 3449 1987 dc
3513 1924 3660 1987 aliis
3725 1925 3934 1987 satius
3997 1947 4139 1988 esse
4189 1924 4360 1987 duco

1045 2040 1370 2104 iudicium
1422 2041 1769 2105 sustinere.
1868 2062 2286 2125 quamquam
2335 2040 2387 2104 si
2438 2050 2556 2105 aut
2602 2041 2972 2105 Andronici
3023 2040 3311 2124 Odyssia
3359 2048 3476 2104 aut
3533 2040 3770 2104 Naevii
3827 2040 4081 2103 Bellum
4133 2040 4362 2103 Poeni-

1045 2179 1199 2220 cum
1250 2178 1578 2241 umquam
1629 2163 1971 2220 cantatum
2023 2165 2140 2231 est,
2192 2154 2328 2220 non
2377 2157 2573 2221 video
2623 2156 2786 2239 quid
2836 2157 2921 2221 sit
2969 2178 3087 2221 cur
3136 2178 3269 2220 nou
3321 2156 3584 2221 licuerit
3648 2166 4094 2219 canentem
4145 2154 4362 2219 dicere

1029 2275 1259 2357 fcrz'mt
1294 2274 1560 2355 pulc-rtis
1607 2275 1891 2338 crateras
1939 2280 2003 2336 et
2050 2278 2233 2337 nocta
2293 2273 2537 2337 Troiad
2580 2275 2835 2337 (ιείὸιὶηΐ
2883 2282 2957 2336 nt
3009 2275 3364 2355 superbiter
3411 2275 3822 2354 contempt-im.

1261 2389 1348 2452 At
1394 2387 1577 2452 aliud
1628 2397 1727 2452 est
1773 2409 2011 2452 cancre
2060 2388 2243 2452 aliud
2292 2388 2586 2452 recitare.
2662 2409 2815 2452 cum
2869 2389 3072 2470 igitur
3134 2389 3729 2453 recitabantur
3777 2374 4078 2455 saturnii,
4135 2387 4362 2470 rhyth-

1046 2526 1196 2568 mus
1269 2504 1589 2589 prioris
1661 2503 2062 2567 hemistichii
2116 2543 2202 2549 ——-
2253 2526 2411 2568 nam
2477 2504 2807 2588 posterius
2865 2506 2932 2568 in
2983 2504 3115 2569 alia
3160 2526 3361 2569 causa
3411 2512 3510 2569 est
3560 2544 3644 2550 —-
3695 2504 3961 2569 videtur
4011 2504 4216 2568 fuisse
4268 2504 4359 2566 in-

1044 2620 1301 2684 stabilis
1351 2628 1416 2684 et
1464 2625 1817 2703 tamquam
1866 2640 2235 2703 suspensus
2285 2619 2669 2701 (svavandc,
2721 2620 3162 2703 schwebend).
4115 2602 4118 2605 μ

1257 2736 1427 2799 Cum
1504 2736 1682 2800 enim
1758 2735 2117 2818 rhythmus
2189 2736 2488 2819 poeticus
2559 2735 2803 2800 habeat
2872 2736 3036 2801 haec
3108 2737 3242 2800 duo
3315 2736 3629 2801 distincta
3691 2744 3895 2819 atque
3944 2734 4359 2819 aequabilia:

1044 2852 1261 2937 spatia
1331 2859 1396 2915 et
1469 2852 1959 2935 impressiones
2025 2852 2543 2935 impressionum
2610 2850 2949 2917 distinctio
3008 2851 3381 2936 aequabilis
3433 2874 3566 2916 non
3618 2872 3767 2915 raro
3816 2851 4024 2927 abest,
4081 2859 4154 2915 ut
4203 2851 4359 2915 inde

1042 2991 1081 3032 a
1152 2968 1373 3032 medio
1445 2989 1610 3032 aevo
1682 2967 1748 3030 in
1824 2968 2236 3032 carminilms
2308 2967 2797 3051 francogallicis
2861 2979 2926 3032 et
2987 2967 3243 3032 italicis
3342 2975 3406 3031 et
3454 2967 3810 3031 Saturnius
3863 2988 4095 3031 vorsus
4146 2967 4360 3050 spatia

1042 3083 1425 3169 aequabilia
1487 3090 1709 3149 servat
1764 3105 2081 3147 mensura
2129 3090 2191 3147 et
2242 3083 2698 3147 moderatione
2747 3083 3178 3167 syllabarum,
3232 3094 3454 3149 servat
3501 3083 3818 3147 distincta
3866 3082 4114 3146 crebris
4165 3082 4359 3145 inter-

1047 3200 1234 3266 vallis
1302 3200 1665 3265 diliaeresis
1736 3208 1938 3285 atque
2000 3199 2438 3274 incisionum;
2515 3199 3036 3285 impressionum
3096 3210 3319 3264 autem
3373 3199 3761 3264 distinctam
3810 3197 4356 3282 aequabilitatem

1043 3319 1112 3381 in
1163 3317 1525 3403 posteriore
1576 3317 1998 3380 hemistichio
2048 3317 2315 3400 saepius
2369 3324 2609 3390 tuctur,
2665 3316 2940 3380 missam
2990 3317 3150 3381 facit
3199 3317 3264 3379 in
3317 3316 3554 3399 priore.
3947 3309 3952 3314 ’

1257 3434 1385 3498 Sed
1458 3433 1623 3497 haec
1693 3433 1993 3516 rhythmi
2060 3442 2409 3516 tznnquam
2472 3433 2781 3517 suspensi
2846 3432 3283 3496 commutatio
3333 3432 3425 3495 ita
3473 3439 3572 3495 est
3620 3431 3689 3494 in
3741 3430 4055 3494 Saturnio
4104 3437 4248 3494 arta
4296 3439 4362 3493 et

1042 3552 1313 3615 astricta
1360 3557 1435 3613 ut
1482 3550 1714 3633 paucis
1762 3549 1997 3612 formis
2046 3549 2489 3613 contincatur.
2590 3550 2658 3612 in
2716 3547 3220 3632 quadrisyllabo
3271 3548 3373 3611 his
3423 3605 3489 3610 Η
3531 3570 3598 3610 U
3639 3605 3682 3609 μ
3745 3570 3811 3610 U
3865 3555 3927 3611 et
3971 3569 4036 3609 U
4184 3568 4249 3609 U
4301 3605 4310 3606 ff

1042 3673 1107 3730 et
1159 3689 1224 3729 U
1266 3724 1315 3727 -
1376 3725 1435 3728 n
1480 3689 1563 3742 U,
1621 3667 1687 3728 in
1738 3664 2079 3747 trisyllabo
2128 3665 2233 3728 his
2282 3724 2295 3728 -
2338 3725 2349 3728 e
2389 3700 2439 3727 U
2481 3724 2512 3728 „
2606 3673 2670 3729 et
2727 3687 2792 3727 U
2833 3723 2898 3727 „a
2965 3717 3026 3728 m.
3126 3686 3370 3748 nempe
3431 3684 3740 3728 severum
3793 3662 3957 3725 illud
4007 3663 4357 3745 ingenium

1042 3783 1426 3846 Romanum
1476 3789 1659 3844 amat
1706 3782 1933 3845 omnia
1982 3780 2125 3864 lege
2174 3781 2562 3864 astringere.

1255 3897 1430 3961 Illud
1480 3905 1704 3961 autem
1755 3897 2155 3962 commutari
2204 3897 2604 3980 rhythmum
2656 3919 2790 3960 non
2843 3896 3041 3959 modo
3096 3918 3226 3959 non
3279 3896 3614 3980 peculiare
3659 3903 3756 3959 est
3792 3893 4089 3958 Saturnii
4126 3916 4356 3959 versus

1041 4013 1156 4078 scd
1208 4013 1409 4078 etiam
1459 4034 1819 4077 commune
1868 4013 1923 4077 ei
1976 4035 2132 4076 cum
2182 4012 2549 4076 multorum
2601 4012 3006 4097 populorum
3048 4011 3248 4095 poesi.
3328 4010 3425 4074 De
3463 4010 3646 4074 Indis
3682 4009 3956 4095 quidem
3994 4009 4079 4093 (p.
4124 4013 4201 4073 12
4236 4009 4357 4093 sq.)

1042 4130 1565 4193 commemoravi
1638 4137 1702 4193 et
1773 4128 1855 4193 de
1926 4129 2192 4214 populis
2262 4128 2672 4212 quibusdam
2741 4128 3046 4212 Europae
3095 4126 3423 4190 australis.
3521 4126 3635 4190 sed
3686 4125 3809 4190 hos
3858 4125 4158 4209 aliosque
4210 4125 4350 4187 mit-

1042 4255 1265 4311 tamus
1315 4253 1377 4310 et
1426 4243 1672 4310 latinae
1723 4247 1941 4329 poesis
1992 4245 2295 4309 terminis
2345 4245 2812 4308 contineamus
2865 4244 3084 4327 potius
3136 4251 3431 4306 ‘nostram
3483 4242 4028 4326 disputationem.
4105 4239 4348 4303 etenim

1044 4362 1335 4446 plurima
1404 4362 1711 4446 exempla
1784 4383 1943 4426 sanc
2015 4360 2399 4445 suppeditat
2474 4360 2682 4424 latina
2750 4359 2951 4423 medii
3021 4359 3164 4423 aevi
3221 4358 3455 4443 poesis,
3553 4379 3843 4442 quorum
3894 4380 3975 4421 cx
4025 4357 4357 4420 immensa

1041 4477 1234 4563 copia
1305 4499 1519 4562 pauca
1590 4499 1782 4541 sumo
1825 4479 1883 4560 ¹).
1980 4477 2152 4541 Ve'se'o
2222 4478 2426 4559 igitur
2495 4477 2741 4540 Anselle'
2792 4476 3162 4540 Scholastici
3212 4475 3342 4549 (Du
3396 4474 3634 4537 Manu,
3683 4477 3860 4558 pods,
3917 4495 4068 4558 pop.
4121 4472 4152 4536 I
4203 4474 4352 4554 200)

1041 4595 1166 4658 hoc
1216 4593 1416 4657 inodo
1465 4594 1788 4658 decurrit:

1264 4738 1300 4801 ¹)
1340 4739 1532 4789 Affers»
1589 4739 1686 4790 illa
1742 4738 2007 4803 exempla
2062 4743 2294 4803 propter
2350 4736 2807 4801 similitudinem,
2868 4753 2982 4788 non
3041 4735 3191 4800 quod
3251 4735 3480 4786 credam
3539 4733 3780 4784 eandem
3829 4732 3920 4784 his
3960 4750 4025 4784 ac
4067 4730 4350 4784 Saturniis

1041 4845 1272 4881 causam
1331 4833 1430 4879 aut
1486 4829 1765 4879 rationem
1825 4827 2080 4879 subesse.
2159 4843 2291 4878 nam
2351 4826 2607 4892 rhythmi
2666 4826 2748 4876 illi
2809 4825 3175 4888 recentiores,
3225 4824 3283 4875 id
3333 4824 3482 4888 quod
3525 4822 3782 4873 ostendit
3821 4822 4166 4873 Ramorinus
4207 4820 4353 4870 libro

1041 4918 1135 4983 qui
1196 4919 1365 4969 inscr.
1424 4939 1439 4954 *Α
1456 4919 1533 4968 La
1581 4917 1896 4982 pronunzia
1937 4917 2205 4981 popolare.
2245 4916 2334 4966 «elci
2387 4915 2534 4965 versi
2578 4915 2944 4980 quantitativi
2986 4914 3202 4976 latiniae‚
3244 4913 3386 4963 tales
3429 4912 3563 4963 facti
3605 4917 3757 4974 sunt,
3798 4927 3925 4962 cum
3968 4910 4351 4974 quantitatum

1042 5008 1247 5059 rationi
1288 5007 1433 5058 ratio
1472 5010 1810 5057 accentuum
1852 5006 2209 5066 succc‹lc1·et;
2253 5006 2504 5056 Satin-nii
2544 5010 2737 5055 autem
2780 5003 3091 5069 primordia
3131 5002 3262 5053 inde
3290 5001 3362 5053 ab
3392 5001 3646 5066 antiquis
3676 5000 4032 5065 temporibus
4062 4998 4118 5048 in
4151 5015 4356 5062 magna

1041 5096 1405 5148 dissensione
1459 5102 1765 5145 versantur
1809 5101 1865 5145 ct
1905 5094 2272 5145 obscuritate.
2349 5094 2553 5159 quodsi
2595 5094 2912 5144 ‹ie-›mestica
2952 5100 3040 5143 est
3079 5091 3298 5155 origine
3340 5091 3659 5154 Saturnius,
3701 5089 3850 5154 quod
3892 5087 4092 5139 dicunt
4134 5087 4355 5138 Ennius

1040 5204 1129 5251 ap.
1171 5185 1285 5236 (tic.
1328 5186 1482 5235 Brut.
1526 5184 1586 5234 71
1632 5191 1687 5234 et
1730 5184 2005 5234 Horatius
2045 5201 2131 5248 ep.
2174 5183 2221 5234 2.
2268 5185 2311 5234 1.
2360 5184 2458 5234 1543
2499 5201 2638 5248 sqq„
2699 5185 2944 5234 tortasse
3003 5182 3099 5233 illa
3158 5179 3410 5245 rhythmi
3471 5177 3860 5230 inconstantia
3920 5185 4052 5228 nata
4104 5182 4195 5228 cst
4232 5184 4355 5228 tum

1043 5291 1171 5326 cum
1231 5274 1516 5325 Camenae
1574 5272 1751 5324 Italae
1810 5287 1871 5322 so
1923 5273 2345 5325 transtulerunt
2382 5273 2455 5323 ab
2497 5272 2869 5323 numerandis
2910 5270 3147 5337 syllabis
3187 5270 3257 5321 ad
3302 5268 3702 5334 pcmderandas
3743 5284 3807 5318 ac
3847 5266 4186 5318 metiendas.
4264 5267 4355 5317 sin

1044 5380 1175 5415 vere
1234 5363 1447 5414 iudicat
1503 5369 1735 5414 secutus
1792 5363 2037 5413 fortasse
2097 5363 2417 5413 Varronem
2476 5362 2713 5412 Caesius
2773 5378 2822 5425 p.
2863 5361 2896 5409 s
2940 5359 3256 5410 KzsiLK
3299 5360 3374 5409 VI
3415 5358 3518 5409 265
3573 5372 3831 5421 graecam
3884 5373 4012 5407 csse
4053 5357 4356 5420 originem,

1044 5469 1216 5504 causa
1268 5452 1509 5504 forsitan
1550 5452 1730 5516 repeti
1774 5452 1982 5503 debeat
2020 5468 2053 5503 a
2092 5467 2300 5514 inagna
2339 5450 2680 5502 difficultati¹
2721 5450 2946 5500 obiecta
2985 5450 3056 5500 iis
3096 5449 3304 5513 quibus
3348 5454 3592 5498 metrum
3635 5446 3998 5509 porvgrinum
4041 5445 4356 5497 ‹lonwstico

1042 5543 1293 5594 sermoni
1334 5541 1551 5593 inculto
1591 5545 1713 5593 erat
1752 5540 2321 5593 accommodandum.
