4941 6508
1684 612 1760 662 De
1806 611 2052 663 Numero
2093 610 2359 661 Saturnio
2399 609 2783 674 «placationes.
3808 590 3882 651 21

578 774 739 838 ticos
792 776 1008 841 refert.
1067 796 1195 836 nou
1248 770 1694 856 1·ep1·ehcn‹lo;
1756 770 1871 834 sed
1921 793 2001 835 ex
2051 792 2128 833 eo
2180 791 2312 834 non
2364 769 2656 833 eflicitur
2703 791 2737 832 a
2792 769 3022 833 Servio
3072 778 3133 832 et
3185 767 3530 831 Victorino
3582 767 3890 852 vulgares

581 899 808 975 poetas
856 888 985 953 ‹lic-i
1041 888 1258 953 nullos
1310 898 1569 972 praeter
1616 910 1728 951 eos
1778 887 1891 970 qui
1947 885 2197 949 nullam
2251 886 2728 970 quantitatum.
2790 907 3061 949 omnem
3111 893 3513 949 accentuum
3564 884 3887 948 rationem

576 1006 918 1071 haberent.
1016 1027 1091 1069 ac
1164 1004 1385 1089 potius
1456 1003 1853 1067 crediderim
1932 1002 2353 1083 «vulgarium
2422 1010 2809 1085 poetarum»
2877 1001 2959 1064 ab
3007 1000 3136 1065 illis
3186 999 3312 1064 dici
3365 998 3664 1064 carmina
3710 1000 3888 1075 talia,

579 1121 803 1207 qualia
877 1122 1086 1185 multa
1160 1120 1333 1184 iuter
1405 1120 1720 1204 reliquias
1792 1117 2306 1203 inscriptionum
2383 1118 2824 1203 posteriorum
2889 1117 3294 1191 invenimus
3353 1138 3526 1201 quae
3578 1115 3889 1180 universo

578 1260 821 1321 genere
892 1237 1263 1322 composita
1334 1243 1491 1301 sunt
1563 1257 1698 1300 non
1770 1242 1909 1299 tam
1976 1243 2375 1299 accentuum
2426 1255 2665 1297 norma
2713 1255 2918 1317 quam
2970 1232 3447 1318 quantitatum,
3498 1232 3611 1296 sed
3662 1239 3886 1296 tamen

582 1376 712 1419 non
788 1354 948 1418 satis
1019 1360 1402 1417 constanter
1474 1361 1745 1416 servant
1815 1349 2207 1414 discrimina
2277 1349 2757 1434 quantitatum,
2828 1349 3008 1433 quod
3061 1349 3101 1412 ii
3153 1350 3269 1432 qui
3321 1348 3718 1414 scribebant.
3773 1348 3887 1432 qui

583 1470 980 1554 plerumque
1051 1477 1239 1533 erant
1311 1468 1618 1532 homines
1685 1466 1766 1530 de
1816 1466 2007 1550 plebe
2058 1466 2325 1533 indocti.
2380 1465 2767 1529 discrimina
2816 1466 3098 1550 antiqua
3145 1465 3598 1549 quantitatum
3650 1466 3717 1529 in
3768 1464 3890 1548 syl-

583 1587 749 1651 labis
820 1607 956 1651 non
1004 1584 1162 1648 ‘iam
1233 1584 1393 1648 satis
1465 1582 1797 1667 suptiliter
1861 1581 2319 1666 percipiebant
2374 1581 2670 1646 auribus.
2768 1581 2928 1665 quia
2976 1581 3154 1645 enim
3209 1580 3507 1645 nondum
3571 1581 3891 1646 Victorini

582 1702 773 1766 Marii
824 1721 946 1765 nec
998 1701 1209 1764 Mauri
1263 1699 1471 1763 Servii
1525 1707 1740 1762 aetate
1790 1697 2088 1782 rhythmi
2142 1697 2252 1765 illi.
2305 1698 2388 1761 ad
2438 1705 2754 1762 accentus
2803 1697 2976 1761 solos
3025 1697 3394 1782 compositi,
3433 1705 3623 1761 erant
3655 1698 3723 1761 in
3760 1718 3887 1761 usu

582 1817 925 1881 communi
976 1822 1041 1879 et
1088 1815 1366 1899 vulgari.
1422 1814 1652 1879 talium
1706 1813 2177 1897 rhythmorum
2229 1822 2463 1898 poetae
2506 1813 2704 1878 abiis
2738 1813 2865 1877 dici
2907 1834 3037 1877 non
3073 1821 3438 1899 potuerunt
3475 1814 3886 1898 «vulgares».

584 1954 716 1996 non
782 1932 990 2014 igitur
1037 1969 1112 1977 -—
1171 1931 1351 2015 quod
1417 1930 1584 1994 vidit
1652 1929 1784 1994 iam
1833 1930 1997 1994 Luc.
2053 1929 2397 1993 MUELLER
2444 1969 2531 1976 —
2584 1930 2732 1994 licet
2782 1929 2992 1994 Servii
3046 1930 3237 1994 illum
3286 1930 3506 1994 locum
3556 1930 3650 1994 ita
3698 1931 3890 1995 inter-

583 2047 827 2133 pretari
879 2056 953 2111 ut
1008 2046 1126 2110 «ad
1177 2046 1615 2129 rhythnmm»
1671 2044 1849 2110 idem
1900 2046 1985 2110 sit
2032 2046 2211 2130 quod
2272 2046 2389 2110 «ad
2441 2054 2821 2113 accentus».
2873 2045 2988 2111 sed
3037 2047 3278 2131 potius,
3332 2047 3503 2110 sicut
3550 2044 3697 2111 aliis
3731 2046 3890 2111 locis

583 2163 1213 2227 Grammaticorum.
1270 2162 1430 2225 item
1480 2161 1586 2225 hie
1635 2163 1967 2226 contraria
2020 2162 2186 2227 fiunt
2218 2163 2306 2226 ab
2341 2163 2573 2227 Servio
2623 2162 3070 2245 rhythmus
3120 2172 3197 2226 et
3246 2169 3622 2227 metrum.
3699 2162 3892 2227 metri

582 2285 806 2341 autem
883 2279 1154 2342 nomine
1226 2277 1739 2363 intellegebatur
1809 2287 2071 2363 praeter
2144 2278 2420 2342 modum
2486 2279 2746 2342 finitum
2809 2287 3026 2342 certus
3083 2278 3244 2342 ordo
3294 2277 3540 2362 pedum
3585 2278 3642 2363 ¹).
3748 2280 3890 2342 «in-

582 2402 965 2479 comptum»
1046 2394 1249 2478 igitur
1319 2394 1481 2458 illud
1554 2396 1815 2459 numeri
1875 2395 2169 2458 Satin-nii
2223 2395 2433 2459 voluit
2483 2394 2755 2459 Servius
2809 2395 3135 2459 illustrare
3185 2394 3492 2477 exemplo
3542 2402 3887 2478 poetarum

582 2509 987 2594 aequalium.

797 2626 940 2690 Iam
1014 2626 1288 2690 Caesius
1352 2627 1597 2691 Bassus
1649 2631 1688 2687 ss
1719 2658 1798 2680 =
1829 2629 1957 2690 265
2008 2628 2082 2691 K
2138 2628 2384 2690 «nostri
2434 2636 2727 2695 autem».
2782 2627 3021 2712 inquit,
3079 2634 3191 2691 «ut
3238 2648 3393 2691 vere
3442 2626 3657 2691 dicam
3710 2628 3889 2712 quod

583 2751 879 2826 apparet,
953 2742 1054 2805 usi
1129 2749 1286 2806 sunt
1357 2742 1671 2807 Saturnio
1745 2764 1877 2806 non
1950 2742 2305 2807 observata
2375 2744 2518 2827 lege
2594 2765 2712 2806 nec
2783 2764 2918 2806 uno
2983 2764 3226 2825 genere·
3275 2744 3668 2808 custodito».
3767 2745 3892 2809 hoc

584 2857 796 2922 Caesii
872 2858 1137 2923 videtur
1207 2857 1437 2923 eodem
1518 2858 1847 2943 pertinere
1918 2880 2053 2943 quo
2116 2859 2277 2922 illud
2347 2859 2577 2923 Servii.
2686 2859 3007 2939 «Legem»
3073 2859 3249 2923 enim
3303 2858 3578 2924 Caesius
3630 2859 3894 2925 videtur

585 2974 802 3038 dicere
879 2974 1092 3049 metri,
1162 2996 1336 3059 quae
1402 2981 1658 3039 certum
1709 2974 2014 3039 ordinem
2067 2974 2315 3059 pedum
2369 2975 2784 3059 modumque
2835 2975 3260 3060 praescribat.
3322 2997 3607 3060 «genus»
3664 2985 3890 3041 autem

587 3090 885 3172 rhythmi
958 3090 1190 3176 (γένος).
1286 3112 1436 3155 cum
1513 3094 1692 3154 enim
1768 3091 2043 3155 Caesius
2114 3090 2301 3176 prius
2375 3091 2875 3155 hemistichium
2948 3091 3362 3156 existimaret
3428 3113 3569 3156 esse
3627 3093 3891 3177 generis

581 3205 872 3284 iambici,
924 3205 1081 3271 talia
1155 3206 1576 3272 hemistichia
1644 3206 1842 3293 quale
1903 3206 2063 3271 illud
2123 3208 2331 3272 consol
2378 3230 2592 3273 censor
2639 3208 2865 3272 aidae'lis
2912 3207 2969 3273 ei
3020 3208 3163 3273 sine
3213 3207 3418 3273 dubio
3469 3208 3888 3284 videbantur,

582 3344 717 3386 non
791 3323 1122 3388 custodito
1194 3325 1464 3408 proprio
1532 3324 1826 3388 Saturnii
1875 3344 2118 3406 genere
2167 3324 2372 3408 ‹luplo
2424 3325 2525 3388 vel
2580 3324 2884 3394 iambico,
2939 3325 3175 3389 vitiose
3224 3326 3507 3389 transire
3558 3326 3624 3389 in
3675 3347 3890 3409 genus

582 3439 861 3522 aequale
912 3440 1012 3503 vel
1064 3440 1589 3523 anapaesticum.
1687 3440 1851 3503 illud
1902 3447 2126 3504 autem
2164 3441 2393 3523 serunt
2430 3443 2700 3522 pulcras
2746 3449 3027 3506 crateras
3072 3440 3339 3525 aliaque
3389 3442 3544 3506 talia
3593 3443 3712 3506 etsi
3751 3464 3890 3527 spe-

583 3554 751 3618 ciem
816 3555 1161 3638 quandam
1223 3557 1485 3640 generis
1544 3556 1811 3621 iambici
1861 3556 2255 3628 retinebant,
2310 3565 2534 3621 tamen
2587 3557 2820 3621 ('aesio
2870 3555 3159 3622 iambica
3204 3558 3495 3621 formula
3543 3559 3890 3622 Saturnios

585 3671 886 3744 metienti
936 3680 1125 3735 erant
1177 3694 1308 3736 non
1360 3672 1780 3737 observantis
1829 3673 2039 3754 legem
2096 3672 2288 3737 metri
2337 3673 2627 3737 iambici.

797 3902 940 3966 Iam
1013 3901 1401 3967 discrimina
1463 3904 1919 3989 quantitatum
1969 3905 2241 3970 infimae
2289 3906 2528 3970 aetatis
2577 3906 2790 3992 poetis
2838 3907 3238 3980 christianis
3291 3906 3430 3972 sive
3481 3907 3890 3992 quantitates

580 4017 1038 4101 sequebantur
1120 4019 1261 4082 sive
1345 4041 1480 4084 non
1564 4019 1908 4090 curabant.
1984 4023 2259 4086 fuerunt
2344 4021 2747 4097 obscuriora,
2823 4024 3118 4088 Saturnii
3199 4031 3421 4088 autem
3500 4032 3683 4088 vates
3754 4024 3887 4088 acri

580 4142 784 4217 atque
834 4135 1094 4218 integro
1143 4157 1341 4199 sensu
1393 4137 1657 4200 aurium
1713 4139 1810 4200 usi
1864 4145 2016 4201 sunt
2068 4137 2153 4202 ad
2203 4137 2613 4221 syllabarum
2667 4139 3040 4203 metiendas
3089 4144 3516 4224 quantitates
3592 4138 3887 4224 denique

582 4250 648 4313 in
698 4250 1037 4332 rhythmis
1086 4250 1214 4315 illis
1263 4251 1645 4316 christianis
1694 4275 1801 4316 ars
1850 4263 1945 4316 est
1996 4254 2079 4318 ad
2132 4253 2513 4318 barbariem
2562 4254 2851 4340 ‹le-lapsa.
2905 4255 2975 4319 in
3025 4255 3361 4320 Saturniis
3410 4255 3714 4319 nondum
3750 4278 3887 4342 per-

584 4367 772 4434 fecta.
840 4366 945 4430 cui
1011 4368 1171 4430 satis
1231 4376 1450 4433 essent
1499 4368 1805 4433 similiter
1854 4369 2273 4435 decurrentia
2324 4371 2542 4456 spatia
2591 4371 3065 4436 membrorum.
3163 4393 3319 4456 ergo
3370 4371 3723 4437 Saturnius
3773 4394 3888 4436 nu-

581 4503 802 4546 merus
874 4482 1182 4567 exemplo
1253 4482 1488 4547 illustri
1563 4483 1855 4549 declarat
1922 4486 2173 4570 aliquid
2239 4487 2375 4551 veri
2443 4488 2660 4551 inesse
2723 4489 2788 4551 in
2855 4487 2980 4553 hoc
3036 4486 3435 4563 Quintiliani
3488 4489 3660 4570 (inst.
3714 4493 3771 4552 9.
3823 4491 3883 4552 4.

586 4599 755 4682 114):
817 4600 1089 4663 «Poema
1136 4621 1309 4664 nemo
1360 4601 1741 4666 dubitat-erit
1791 4602 2016 4684 impetu
2061 4604 2329 4684 quodam
2366 4603 2552 4668 initio
2569 4605 2796 4687 fusum
2830 4611 2885 4669 et
2919 4606 3173 4670 auri-um
3210 4626 3504 4669 mens-ura,
3554 4612 3618 4668 et
3665 4605 3808 4667 sim
3834 4605 3847 4667 i
3871 4643 3888 4651 -

581 4713 773 4778 liter
842 4714 1485 4780 decurrentium
1562 4718 2039 4802 spatiorum
2113 4717 2717 4786 observatione
2787 4743 2914 4786 esse
2980 4695 3363 4803 ycheratum,
3437 4740 3621 4784 mox
3689 4721 3761 4785 in
3821 4744 3886 4784 eo

577 4838 967 4915 repertos
1034 4830 1361 4915 pedes».

800 5027 834 5088 ¹)
872 5030 947 5080 Vt
990 5030 1198 5082 Atilius
1238 5031 1689 5085 Fortunatianus
1730 5049 1779 5098 p.
1820 5030 1925 5083 2⁸2
1963 5029 2047 5083 K:
2110 5033 2299 5084 «Inter
2357 5039 2670 5086 metrum
2729 5040 2786 5085 et
2839 5034 3268 5101 rhythmum
3310 5036 3415 5086 hoc
3454 5034 3696 5087 interest
3735 5035 3885 5101 quod

578 5123 819 5169 meti-mn
863 5119 1012 5170 circa
1050 5120 1399 5172 divisionum
1444 5122 1653 5187 pedum
1697 5126 1973 5184 versatur,
2014 5121 2322 5187 rhythmus
2362 5123 2511 5174 eirea
2551 5141 2809 5175 sonumu
2843 5153 2903 5159 —-
2937 5124 3088 5176 Mall.
3117 5125 3329 5176 The-od.
3362 5125 3468 5177 588
3501 5122 3579 5175 K:
3623 5125 3707 5174 «si
3751 5125 3884 5190 quid

577 5223 710 5271 ergo
754 5236 812 5243 —
860 5224 972 5259 non
1026 5208 1099 5260 ad
1136 5214 1365 5260 certam
1407 5211 1616 5276 pedum
1660 5210 1840 5270 legem
1883 5210 1982 5260 sed
2024 5211 2093 5261 ad
2137 5215 2459 5276 leniporum
2503 5214 2781 5265 rationem
2825 5213 3171 5279 modumque
3212 5215 3495 5266 referatur
3535 5243 3596 5249 --
3641 5214 3697 5265 icl
3743 5231 3886 5265 non

576 5301 889 5348 metrum
932 5298 1057 5348 sed
1099 5297 1178 5348 rh
1198 5299 1325 5364 yth
1344 5316 1397 5349 m
1418 5316 1506 5350 on
1546 5314 1674 5349 esse
1714 5299 1908 5350 sciata
