<?xml version="1.0" encoding="UTF-8"?>
<!DOCTYPE html PUBLIC "-//W3C//DTD XHTML 1.0 Transitional//EN"
    "http://www.w3.org/TR/xhtml1/DTD/xhtml1-transitional.dtd">
<html xmlns="http://www.w3.org/1999/xhtml" xml:lang="en" lang="en">
 <head>
  <title>
</title>
<meta http-equiv="Content-Type" content="text/html;charset=utf-8" />
  <meta name='ocr-system' content='tesseract 3.04.00' />
  <meta name='ocr-capabilities' content='ocr_page ocr_carea ocr_par ocr_line ocrx_word'/>
</head>
<body>
  <div class='ocr_page' id='page_1' title='image "./denumerosaturni00zandgoog_0051.png"; bbox 0 0 4941 6508; ppageno 0'>
   <div class='ocr_carea' id='block_1_1' title="bbox 1726 579 3922 661">
    <p class='ocr_par' dir='ltr' id='par_1_1' title="bbox 1726 579 3922 661">
     <span class='ocr_line' id='line_1_1' title="bbox 1726 579 3922 661; baseline -0.003 -13"><span class='ocrx_word' id='word_1_1' title='bbox 1726 598 1808 648; x_wconf 84' lang='lat' dir='ltr'>De</span> <span class='ocrx_word' id='word_1_2' title='bbox 1850 599 2099 648; x_wconf 69' lang='lat' dir='ltr'>Numero</span> <span class='ocrx_word' id='word_1_3' title='bbox 2140 597 2404 648; x_wconf 71' lang='lat' dir='ltr'>Saturnio</span> <span class='ocrx_word' id='word_1_4' title='bbox 2444 596 2827 661; x_wconf 69' lang='lat' dir='ltr'>quaestiones.</span> <span class='ocrx_word' id='word_1_5' title='bbox 3837 579 3922 641; x_wconf 71' lang='grc'>45</span> 
     </span>
    </p>
   </div>
   <div class='ocr_carea' id='block_1_2' title="bbox 621 756 3924 2070">
    <p class='ocr_par' dir='ltr' id='par_1_2' title="bbox 621 756 3922 1524">
     <span class='ocr_line' id='line_1_2' title="bbox 838 756 3922 825; baseline -0.001 -14"><span class='ocrx_word' id='word_1_6' title='bbox 838 760 1001 811; x_wconf 83' lang='lat' dir='ltr'>Ultra</span> <span class='ocrx_word' id='word_1_7' title='bbox 1038 761 1317 812; x_wconf 80' lang='lat' dir='ltr'>medelam</span> <span class='ocrx_word' id='word_1_8' title='bbox 1361 765 1691 825; x_wconf 82' lang='lat' dir='ltr'>corruptum</span> <span class='ocrx_word' id='word_1_9' title='bbox 1731 766 1817 809; x_wconf 73' lang='lat' dir='ltr'>est</span> <span class='ocrx_word' id='word_1_10' title='bbox 1860 759 1997 809; x_wconf 83' lang='lat' dir='ltr'>illud</span> <span class='ocrx_word' id='word_1_11' title='bbox 2042 757 2347 809; x_wconf 73' lang='lat' dir='ltr'>Andronici</span> <span class='ocrx_word' id='word_1_12' title='bbox 2391 774 2478 822; x_wconf 78' lang='lat' dir='ltr'>ap.</span> <span class='ocrx_word' id='word_1_13' title='bbox 2522 758 2671 808; x_wconf 74' lang='lat' dir='ltr'>cht.</span> <span class='ocrx_word' id='word_1_14' title='bbox 2711 758 2815 809; x_wconf 67' lang='lat'>5:32</span> <span class='ocrx_word' id='word_1_15' title='bbox 2863 756 2956 808; x_wconf 82' lang='lat' dir='ltr'>Tle.</span> <span class='ocrx_word' id='word_1_16' title='bbox 2998 758 3201 810; x_wconf 74' lang='lat' dir='ltr'>simul</span> <span class='ocrx_word' id='word_1_17' title='bbox 3243 758 3466 810; x_wconf 85' lang='lat' dir='ltr'>duona</span> <span class='ocrx_word' id='word_1_18' title='bbox 3505 775 3741 811; x_wconf 85' lang='lat' dir='ltr'>eorum</span> <span class='ocrx_word' id='word_1_19' title='bbox 3787 776 3922 825; x_wconf 62' lang='lat' dir='ltr'>por&lt;</span> 
     </span>
     <span class='ocr_line' id='line_1_3' title="bbox 624 847 3922 914; baseline -0.001 -13"><span class='ocrx_word' id='word_1_20' title='bbox 624 854 769 902; x_wconf 81' lang='lat' dir='ltr'>tant</span> <span class='ocrx_word' id='word_1_21' title='bbox 844 849 922 900; x_wconf 83' lang='lat' dir='ltr'>ad</span> <span class='ocrx_word' id='word_1_22' title='bbox 993 849 1208 900; x_wconf 78' lang='lat' dir='ltr'>navis.</span> <span class='ocrx_word' id='word_1_23' title='bbox 1286 848 1509 899; x_wconf 81' lang='lat' dir='ltr'>millia</span> <span class='ocrx_word' id='word_1_24' title='bbox 1573 848 1717 899; x_wconf 83' lang='lat' dir='ltr'>alia</span> <span class='ocrx_word' id='word_1_25' title='bbox 1782 848 1849 898; x_wconf 90' lang='lat' dir='ltr'>in</span> <span class='ocrx_word' id='word_1_26' title='bbox 1917 848 2132 899; x_wconf 79' lang='lat' dir='ltr'>isdem</span> <span class='ocrx_word' id='word_1_27' title='bbox 2203 847 2706 899; x_wconf 72' lang='lat' dir='ltr'>inserinuntur.</span> <span class='ocrx_word' id='word_1_28' title='bbox 2784 863 2954 911; x_wconf 81' lang='lat' dir='ltr'>quem</span> <span class='ocrx_word' id='word_1_29' title='bbox 3013 847 3198 899; x_wconf 85' lang='lat' dir='ltr'>locum</span> <span class='ocrx_word' id='word_1_30' title='bbox 3262 864 3362 914; x_wconf 86' lang='lat' dir='ltr'>pro</span> <span class='ocrx_word' id='word_1_31' title='bbox 3421 848 3643 912; x_wconf 68' lang='lat' dir='ltr'>integro</span> <span class='ocrx_word' id='word_1_32' title='bbox 3700 849 3922 899; x_wconf 75' lang='lat' dir='ltr'>habens</span> 
     </span>
     <span class='ocr_line' id='line_1_4' title="bbox 622 935 3921 1004; baseline -0.001 -15"><span class='ocrx_word' id='word_1_33' title='bbox 622 939 871 1004; x_wconf 73' lang='lat' dir='ltr'>Lindsay</span> <span class='ocrx_word' id='word_1_34' title='bbox 918 938 1128 1002; x_wconf 80' lang='lat' dir='ltr'>(Amer.</span> <span class='ocrx_word' id='word_1_35' title='bbox 1169 940 1366 989; x_wconf 87' lang='lat' dir='ltr'>Journ.</span> <span class='ocrx_word' id='word_1_36' title='bbox 1409 938 1469 988; x_wconf 80' lang='lat' dir='ltr'>of</span> <span class='ocrx_word' id='word_1_37' title='bbox 1507 936 1652 988; x_wconf 88' lang='lat' dir='ltr'><strong>Phil.</strong></span> <span class='ocrx_word' id='word_1_38' title='bbox 1693 937 1831 987; x_wconf 81' lang='lat' dir='ltr'>XIV</span> <span class='ocrx_word' id='word_1_39' title='bbox 1877 936 1974 987; x_wconf 78' lang='lat'>155</span> <span class='ocrx_word' id='word_1_40' title='bbox 2013 942 2071 987; x_wconf 89' lang='lat' dir='ltr'>et</span> <span class='ocrx_word' id='word_1_41' title='bbox 2107 935 2232 999; x_wconf 74' lang='lat'>320&gt;</span> <span class='ocrx_word' id='word_1_42' title='bbox 2285 938 2504 988; x_wconf 84' lang='lat' dir='ltr'>utinam</span> <span class='ocrx_word' id='word_1_43' title='bbox 2546 936 2958 1001; x_wconf 82' lang='lat' dir='ltr'>interpret-atus</span> <span class='ocrx_word' id='word_1_44' title='bbox 2996 942 3152 987; x_wconf 87' lang='lat' dir='ltr'>esset</span> <span class='ocrx_word' id='word_1_45' title='bbox 3188 942 3288 988; x_wconf 87' lang='lat' dir='ltr'>aut</span> <span class='ocrx_word' id='word_1_46' title='bbox 3325 937 3782 990; x_wconf 64' lang='lat' dir='ltr'>demonstrasset</span> <span class='ocrx_word' id='word_1_47' title='bbox 3821 952 3921 988; x_wconf 90' lang='lat' dir='ltr'>cur</span> 
     </span>
     <span class='ocr_line' id='line_1_5' title="bbox 621 1024 3920 1093; baseline 0 -16"><span class='ocrx_word' id='word_1_48' title='bbox 621 1032 815 1093; x_wconf 81' lang='lat' dir='ltr'>spreta</span> <span class='ocrx_word' id='word_1_49' title='bbox 869 1026 1209 1078; x_wconf 85' lang='lat' dir='ltr'>auctoritate</span> <span class='ocrx_word' id='word_1_50' title='bbox 1269 1026 1419 1077; x_wconf 80' lang='lat' dir='ltr'>Festi</span> <span class='ocrx_word' id='word_1_51' title='bbox 1480 1025 1757 1077; x_wconf 81' lang='lat' dir='ltr'><strong>tribueret</strong></span> <span class='ocrx_word' id='word_1_52' title='bbox 1816 1024 2031 1076; x_wconf 82' lang='lat' dir='ltr'>Naevio</span> <span class='ocrx_word' id='word_1_53' title='bbox 2089 1030 2147 1076; x_wconf 85' lang='lat' dir='ltr'>et</span> <span class='ocrx_word' id='word_1_54' title='bbox 2203 1041 2318 1077; x_wconf 90' lang='lat' dir='ltr'>non</span> <span class='ocrx_word' id='word_1_55' title='bbox 2376 1024 2654 1091; x_wconf 78' lang='lat' dir='ltr'>Odyssiae</span> <span class='ocrx_word' id='word_1_56' title='bbox 2712 1024 2871 1075; x_wconf 85' lang='lat' dir='ltr'>Livii.</span> <span class='ocrx_word' id='word_1_57' title='bbox 2947 1026 3019 1076; x_wconf 78' lang='lat' dir='ltr'>cf.</span> <span class='ocrx_word' id='word_1_58' title='bbox 3060 1026 3221 1077; x_wconf 78' lang='lat' dir='ltr'>Vers.</span> <span class='ocrx_word' id='word_1_59' title='bbox 3264 1026 3386 1077; x_wconf 83' lang='lat' dir='ltr'>Ital.</span> <span class='ocrx_word' id='word_1_60' title='bbox 3429 1028 3559 1077; x_wconf 78' lang='lat' dir='ltr'>Ant.</span> <span class='ocrx_word' id='word_1_61' title='bbox 3603 1044 3654 1092; x_wconf 86' lang='lat' dir='ltr'>p.</span> <span class='ocrx_word' id='word_1_62' title='bbox 3695 1026 3760 1077; x_wconf 97' lang='grc'>91</span> <span class='ocrx_word' id='word_1_63' title='bbox 3803 1043 3920 1091; x_wconf 83' lang='lat' dir='ltr'>sq.;</span> 
     </span>
     <span class='ocr_line' id='line_1_6' title="bbox 628 1112 3920 1179; baseline -0.001 -11"><span class='ocrx_word' id='word_1_64' title='bbox 628 1120 735 1169; x_wconf 76' lang='lat' dir='ltr'>heo</span> <span class='ocrx_word' id='word_1_65' title='bbox 776 1116 1019 1168; x_wconf 85' lang='lat' dir='ltr'>Plautin.</span> <span class='ocrx_word' id='word_1_66' title='bbox 1061 1116 1292 1167; x_wconf 87' lang='lat' dir='ltr'>Forsch.</span> <span class='ocrx_word' id='word_1_67' title='bbox 1333 1114 1401 1166; x_wconf 76' lang='lat'>82</span> <span class='ocrx_word' id='word_1_68' title='bbox 1432 1115 1482 1173; x_wconf 83' lang='lat'>¹).</span> <span class='ocrx_word' id='word_1_69' title='bbox 1526 1143 1589 1150; x_wconf 91' lang='lat'>—</span> <span class='ocrx_word' id='word_1_70' title='bbox 1630 1115 1767 1166; x_wconf 88' lang='lat' dir='ltr'>item</span> <span class='ocrx_word' id='word_1_71' title='bbox 1827 1130 1986 1179; x_wconf 88' lang='lat' dir='ltr'>spem</span> <span class='ocrx_word' id='word_1_72' title='bbox 2045 1112 2225 1166; x_wconf 85' lang='lat' dir='ltr'>abieci</span> <span class='ocrx_word' id='word_1_73' title='bbox 2284 1113 2355 1165; x_wconf 83' lang='lat' dir='ltr'>de</span> <span class='ocrx_word' id='word_1_74' title='bbox 2415 1112 2611 1164; x_wconf 82' lang='lat' dir='ltr'>Naevii</span> <span class='ocrx_word' id='word_1_75' title='bbox 2674 1112 2771 1163; x_wconf 90' lang='lat' dir='ltr'>illo</span> <span class='ocrx_word' id='word_1_76' title='bbox 2830 1113 2953 1164; x_wconf 91' lang='lat' dir='ltr'>loco</span> <span class='ocrx_word' id='word_1_77' title='bbox 2992 1129 3079 1179; x_wconf 85' lang='lat' dir='ltr'>ap.</span> <span class='ocrx_word' id='word_1_78' title='bbox 3125 1114 3360 1165; x_wconf 82' lang='lat' dir='ltr'>Varron.</span> <span class='ocrx_word' id='word_1_79' title='bbox 3403 1115 3434 1166; x_wconf 92' lang='lat' dir='ltr'>l.</span> <span class='ocrx_word' id='word_1_80' title='bbox 3477 1114 3510 1165; x_wconf 93' lang='lat' dir='ltr'>l.</span> <span class='ocrx_word' id='word_1_81' title='bbox 3552 1114 3598 1166; x_wconf 81' lang='lat'>7.</span> <span class='ocrx_word' id='word_1_82' title='bbox 3640 1113 3708 1166; x_wconf 79' lang='lat'>23</span> <span class='ocrx_word' id='word_1_83' title='bbox 3766 1130 3920 1165; x_wconf 90' lang='lat' dir='ltr'>con·</span> 
     </span>
     <span class='ocr_line' id='line_1_7' title="bbox 622 1200 3920 1271; baseline -0.002 -12"><span class='ocrx_word' id='word_1_84' title='bbox 622 1209 950 1271; x_wconf 79' lang='lat' dir='ltr'>ferreque</span> <span class='ocrx_word' id='word_1_85' title='bbox 999 1212 1117 1255; x_wconf 80' lang='lat' dir='ltr'>aut</span> <span class='ocrx_word' id='word_1_86' title='bbox 1163 1208 1377 1255; x_wconf 82' lang='lat' dir='ltr'>ratem</span> <span class='ocrx_word' id='word_1_87' title='bbox 1419 1209 1724 1254; x_wconf 79' lang='lat' dir='ltr'><strong>aeratam</strong></span> <span class='ocrx_word' id='word_1_88' title='bbox 1765 1202 1876 1267; x_wconf 80' lang='lat' dir='ltr'>qui</span> <span class='ocrx_word' id='word_1_89' title='bbox 1918 1200 2163 1267; x_wconf 87' lang='lat' dir='ltr'>perit</span> <span class='ocrx_word' id='word_1_90' title='bbox 2195 1202 2470 1267; x_wconf 82' lang='lat' dir='ltr'>quidum</span> <span class='ocrx_word' id='word_1_91' title='bbox 2513 1218 2694 1253; x_wconf 82' lang='lat' dir='ltr'>mare</span> <span class='ocrx_word' id='word_1_92' title='bbox 2735 1202 3071 1253; x_wconf 83' lang='lat' dir='ltr'>sudantes</span> <span class='ocrx_word' id='word_1_93' title='bbox 3111 1209 3282 1254; x_wconf 80' lang='lat' dir='ltr'>eunt</span> <span class='ocrx_word' id='word_1_94' title='bbox 3319 1208 3524 1267; x_wconf 84' lang='lat' dir='ltr'>atque</span> <span class='ocrx_word' id='word_1_95' title='bbox 3566 1203 3920 1254; x_wconf 80' lang='lat' dir='ltr'>sedantes.</span> 
     </span>
     <span class='ocr_line' id='line_1_8' title="bbox 622 1289 3919 1359; baseline -0.002 -14"><span class='ocrx_word' id='word_1_96' title='bbox 622 1298 693 1347; x_wconf 78' lang='lat' dir='ltr'>cf.</span> <span class='ocrx_word' id='word_1_97' title='bbox 734 1296 894 1346; x_wconf 78' lang='lat' dir='ltr'>Vers,</span> <span class='ocrx_word' id='word_1_98' title='bbox 936 1294 1060 1345; x_wconf 80' lang='lat' dir='ltr'>Ital.</span> <span class='ocrx_word' id='word_1_99' title='bbox 1103 1295 1235 1345; x_wconf 78' lang='lat' dir='ltr'>Ant.</span> <span class='ocrx_word' id='word_1_100' title='bbox 1279 1310 1328 1359; x_wconf 86' lang='lat' dir='ltr'>p.</span> <span class='ocrx_word' id='word_1_101' title='bbox 1375 1291 1488 1346; x_wconf 76' lang='lat'><strong>106.</strong></span> <span class='ocrx_word' id='word_1_102' title='bbox 1567 1295 1676 1343; x_wconf 88' lang='lat' dir='ltr'>iam</span> <span class='ocrx_word' id='word_1_103' title='bbox 1718 1292 1883 1343; x_wconf 87' lang='lat' dir='ltr'>mitto</span> <span class='ocrx_word' id='word_1_104' title='bbox 1924 1290 2193 1355; x_wconf 73' lang='lat' dir='ltr'>reliquias</span> <span class='ocrx_word' id='word_1_105' title='bbox 2233 1291 2413 1355; x_wconf 80' lang='lat' dir='ltr'>magis</span> <span class='ocrx_word' id='word_1_106' title='bbox 2453 1289 2687 1341; x_wconf 82' lang='lat' dir='ltr'>mutilas</span> <span class='ocrx_word' id='word_1_107' title='bbox 2726 1306 2897 1355; x_wconf 80' lang='lat' dir='ltr'>quam</span> <span class='ocrx_word' id='word_1_108' title='bbox 2937 1298 3000 1342; x_wconf 89' lang='lat' dir='ltr'>ut</span> <span class='ocrx_word' id='word_1_109' title='bbox 3037 1290 3250 1356; x_wconf 84' lang='lat' dir='ltr'>aliquid</span> <span class='ocrx_word' id='word_1_110' title='bbox 3291 1291 3544 1357; x_wconf 79' lang='lat' dir='ltr'><strong>rhythmi</strong></span> <span class='ocrx_word' id='word_1_111' title='bbox 3584 1290 3644 1342; x_wconf 91' lang='lat' dir='ltr'>in</span> <span class='ocrx_word' id='word_1_112' title='bbox 3685 1290 3756 1341; x_wconf 85' lang='lat' dir='ltr'>iis</span> <span class='ocrx_word' id='word_1_113' title='bbox 3797 1306 3919 1356; x_wconf 78' lang='lat' dir='ltr'>pos·</span> 
     </span>
     <span class='ocr_line' id='line_1_9' title="bbox 622 1378 3922 1449; baseline -0.002 -14"><span class='ocrx_word' id='word_1_114' title='bbox 622 1384 698 1436; x_wconf 74' lang='lat' dir='ltr'>sit</span> <span class='ocrx_word' id='word_1_115' title='bbox 752 1383 1000 1449; x_wconf 78' lang='lat' dir='ltr'>agnosci.</span> <span class='ocrx_word' id='word_1_116' title='bbox 1080 1398 1211 1433; x_wconf 81' lang='lat' dir='ltr'>nam</span> <span class='ocrx_word' id='word_1_117' title='bbox 1269 1382 1339 1432; x_wconf 86' lang='lat' dir='ltr'>de</span> <span class='ocrx_word' id='word_1_118' title='bbox 1399 1382 1748 1432; x_wconf 75' lang='lat' dir='ltr'><strong>hexametris</strong></span> <span class='ocrx_word' id='word_1_119' title='bbox 1805 1387 1862 1432; x_wconf 88' lang='lat' dir='ltr'>et</span> <span class='ocrx_word' id='word_1_120' title='bbox 1919 1380 2161 1430; x_wconf 81' lang='lat' dir='ltr'>senariis</span> <span class='ocrx_word' id='word_1_121' title='bbox 2219 1394 2364 1444; x_wconf 77' lang='lat' dir='ltr'>quae</span> <span class='ocrx_word' id='word_1_122' title='bbox 2423 1378 2905 1430; x_wconf 80' lang='lat' dir='ltr'>circumferuntur</span> <span class='ocrx_word' id='word_1_123' title='bbox 2962 1384 3250 1445; x_wconf 84' lang='lat' dir='ltr'>tamquam</span> <span class='ocrx_word' id='word_1_124' title='bbox 3306 1381 3519 1446; x_wconf 81' lang='lat' dir='ltr'>sumpti</span> <span class='ocrx_word' id='word_1_125' title='bbox 3562 1380 3632 1431; x_wconf 88' lang='lat' dir='ltr'>de</span> <span class='ocrx_word' id='word_1_126' title='bbox 3674 1378 3922 1444; x_wconf 83' lang='lat' dir='ltr'>Odyssia</span> 
     </span>
     <span class='ocr_line' id='line_1_10' title="bbox 626 1468 3730 1524; baseline -0.002 0"><span class='ocrx_word' id='word_1_127' title='bbox 626 1472 934 1524; x_wconf 72' lang='lat' dir='ltr'>Andronici</span> <span class='ocrx_word' id='word_1_128' title='bbox 976 1478 1075 1523; x_wconf 85' lang='lat' dir='ltr'>aut</span> <span class='ocrx_word' id='word_1_129' title='bbox 1112 1472 1184 1522; x_wconf 86' lang='lat' dir='ltr'>de</span> <span class='ocrx_word' id='word_1_130' title='bbox 1223 1471 1284 1521; x_wconf 89' lang='lat' dir='ltr'>B.</span> <span class='ocrx_word' id='word_1_131' title='bbox 1328 1469 1573 1522; x_wconf 69' lang='lat' dir='ltr'>Poenico</span> <span class='ocrx_word' id='word_1_132' title='bbox 1615 1470 1811 1521; x_wconf 79' lang='lat' dir='ltr'>Naevii</span> <span class='ocrx_word' id='word_1_133' title='bbox 1852 1468 1996 1520; x_wconf 90' lang='lat' dir='ltr'>nihil</span> <span class='ocrx_word' id='word_1_134' title='bbox 2035 1469 2243 1520; x_wconf 78' lang='lat' dir='ltr'>attinet</span> <span class='ocrx_word' id='word_1_135' title='bbox 2283 1469 2389 1519; x_wconf 86' lang='lat' dir='ltr'>hoc</span> <span class='ocrx_word' id='word_1_136' title='bbox 2432 1469 2554 1520; x_wconf 86' lang='lat' dir='ltr'>loco</span> <span class='ocrx_word' id='word_1_137' title='bbox 2593 1469 2802 1521; x_wconf 83' lang='lat' dir='ltr'>dicere.</span> <span class='ocrx_word' id='word_1_138' title='bbox 2881 1469 3025 1521; x_wconf 78' lang='lat' dir='ltr'>Vide</span> <span class='ocrx_word' id='word_1_139' title='bbox 3064 1469 3135 1521; x_wconf 86' lang='lat' dir='ltr'>de</span> <span class='ocrx_word' id='word_1_140' title='bbox 3175 1470 3245 1520; x_wconf 82' lang='lat' dir='ltr'>iis</span> <span class='ocrx_word' id='word_1_141' title='bbox 3286 1470 3447 1521; x_wconf 79' lang='lat' dir='ltr'>Vers.</span> <span class='ocrx_word' id='word_1_142' title='bbox 3488 1471 3556 1520; x_wconf 89' lang='lat' dir='ltr'>It.</span> <span class='ocrx_word' id='word_1_143' title='bbox 3599 1471 3730 1521; x_wconf 83' lang='lat' dir='ltr'>Ant.</span> 
     </span>
    </p>

    <p class='ocr_par' dir='ltr' id='par_1_3' title="bbox 625 1557 3924 1713">
     <span class='ocr_line' id='line_1_11' title="bbox 838 1557 3924 1625; baseline -0.002 -13"><span class='ocrx_word' id='word_1_144' title='bbox 838 1560 1097 1625; x_wconf 85' lang='lat' dir='ltr'>Denique</span> <span class='ocrx_word' id='word_1_145' title='bbox 1151 1559 1221 1609; x_wconf 84' lang='lat' dir='ltr'>de</span> <span class='ocrx_word' id='word_1_146' title='bbox 1280 1559 1548 1609; x_wconf 84' lang='lat' dir='ltr'>omnibus</span> <span class='ocrx_word' id='word_1_147' title='bbox 1596 1574 1969 1623; x_wconf 81' lang='lat' dir='ltr'>quaecunque</span> <span class='ocrx_word' id='word_1_148' title='bbox 2020 1558 2127 1607; x_wconf 86' lang='lat' dir='ltr'>hoc</span> <span class='ocrx_word' id='word_1_149' title='bbox 2172 1557 2294 1608; x_wconf 88' lang='lat' dir='ltr'>loco</span> <span class='ocrx_word' id='word_1_150' title='bbox 2334 1573 2781 1609; x_wconf 84' lang='lat' dir='ltr'>commemorare</span> <span class='ocrx_word' id='word_1_151' title='bbox 2822 1573 3028 1623; x_wconf 78' lang='lat' dir='ltr'>operae</span> <span class='ocrx_word' id='word_1_152' title='bbox 3071 1559 3315 1623; x_wconf 88' lang='lat' dir='ltr'>pretium</span> <span class='ocrx_word' id='word_1_153' title='bbox 3357 1575 3470 1610; x_wconf 88' lang='lat' dir='ltr'>non</span> <span class='ocrx_word' id='word_1_154' title='bbox 3512 1574 3639 1609; x_wconf 78' lang='lat' dir='ltr'>esse</span> <span class='ocrx_word' id='word_1_155' title='bbox 3678 1557 3924 1609; x_wconf 81' lang='lat' dir='ltr'>arbitror</span> 
     </span>
     <span class='ocr_line' id='line_1_12' title="bbox 625 1647 2203 1713; baseline -0.003 -11"><span class='ocrx_word' id='word_1_156' title='bbox 625 1652 891 1702; x_wconf 86' lang='lat' dir='ltr'>lectorem</span> <span class='ocrx_word' id='word_1_157' title='bbox 933 1648 1134 1713; x_wconf 78' lang='lat' dir='ltr'>delego</span> <span class='ocrx_word' id='word_1_158' title='bbox 1173 1648 1244 1699; x_wconf 86' lang='lat' dir='ltr'>ad</span> <span class='ocrx_word' id='word_1_159' title='bbox 1286 1648 1501 1699; x_wconf 82' lang='lat' dir='ltr'>Versus</span> <span class='ocrx_word' id='word_1_160' title='bbox 1540 1647 1666 1699; x_wconf 86' lang='lat' dir='ltr'>Ital.</span> <span class='ocrx_word' id='word_1_161' title='bbox 1708 1648 1841 1699; x_wconf 79' lang='lat' dir='ltr'>Ant.</span> <span class='ocrx_word' id='word_1_162' title='bbox 2200 1706 2203 1711; x_wconf 5' lang='lat' dir='ltr'>p</span> 
     </span>
    </p>

    <p class='ocr_par' dir='ltr' id='par_1_4' title="bbox 624 1729 3922 2070">
     <span class='ocr_line' id='line_1_13' title="bbox 836 1729 3919 1803; baseline -0.001 -13"><span class='ocrx_word' id='word_1_163' title='bbox 836 1739 998 1800; x_wconf 79' lang='lat' dir='ltr'>Quod</span> <span class='ocrx_word' id='word_1_164' title='bbox 1055 1744 1246 1790; x_wconf 85' lang='lat' dir='ltr'>autem</span> <span class='ocrx_word' id='word_1_165' title='bbox 1309 1743 1395 1789; x_wconf 83' lang='lat' dir='ltr'>est</span> <span class='ocrx_word' id='word_1_166' title='bbox 1446 1739 1500 1788; x_wconf 91' lang='lat' dir='ltr'>in</span> <span class='ocrx_word' id='word_1_167' title='bbox 1553 1738 1705 1789; x_wconf 74' lang='lat' dir='ltr'>Festi</span> <span class='ocrx_word' id='word_1_168' title='bbox 1747 1737 2000 1803; x_wconf 81' lang='lat' dir='ltr'>epitoma</span> <span class='ocrx_word' id='word_1_169' title='bbox 2036 1737 2140 1789; x_wconf 84' lang='grc'>369</span> <span class='ocrx_word' id='word_1_170' title='bbox 2189 1730 2294 1789; x_wconf 82' lang='grc' dir='ltr'><em>ΤΙι.·</em></span> <span class='ocrx_word' id='word_1_171' title='bbox 2355 1738 2660 1789; x_wconf 60' lang='grc' dir='ltr'>«Νειρνὶῑι8;</span> <span class='ocrx_word' id='word_1_172' title='bbox 2721 1737 2937 1790; x_wconf 74' lang='lat' dir='ltr'>Simul</span> <span class='ocrx_word' id='word_1_173' title='bbox 2994 1738 3176 1789; x_wconf 82' lang='lat' dir='ltr'>alius</span> <span class='ocrx_word' id='word_1_174' title='bbox 3233 1736 3518 1789; x_wconf 79' lang='lat' dir='ltr'>aliunde</span> <span class='ocrx_word' id='word_1_175' title='bbox 3579 1729 3919 1788; x_wconf 82' lang='lat' dir='ltr'>rumitant</span> 
     </span>
     <span class='ocr_line' id='line_1_14' title="bbox 624 1824 3922 1891; baseline -0.001 -12"><span class='ocrx_word' id='word_1_176' title='bbox 624 1831 808 1879; x_wconf 90' lang='lat' dir='ltr'>inter</span> <span class='ocrx_word' id='word_1_177' title='bbox 846 1842 1033 1877; x_wconf 77' lang='lat' dir='ltr'>sese»</span> <span class='ocrx_word' id='word_1_178' title='bbox 1075 1825 1172 1889; x_wconf 78' lang='lat' dir='ltr'>(sic</span> <span class='ocrx_word' id='word_1_179' title='bbox 1213 1824 1397 1890; x_wconf 59' lang='lat' dir='ltr'>codd),</span> <span class='ocrx_word' id='word_1_180' title='bbox 1438 1826 1544 1876; x_wconf 83' lang='lat' dir='ltr'>hoc</span> <span class='ocrx_word' id='word_1_181' title='bbox 1584 1830 1799 1877; x_wconf 84' lang='lat' dir='ltr'>temere</span> <span class='ocrx_word' id='word_1_182' title='bbox 1838 1825 1910 1877; x_wconf 83' lang='lat' dir='ltr'>ab</span> <span class='ocrx_word' id='word_1_183' title='bbox 1952 1825 2366 1877; x_wconf 82' lang='lat' dir='ltr'>recentioribus</span> <span class='ocrx_word' id='word_1_184' title='bbox 2406 1826 2749 1891; x_wconf 80' lang='lat' dir='ltr'>quibusdam</span> <span class='ocrx_word' id='word_1_185' title='bbox 2791 1827 2940 1878; x_wconf 85' lang='lat' dir='ltr'>bello</span> <span class='ocrx_word' id='word_1_186' title='bbox 2980 1828 3227 1879; x_wconf 79' lang='lat' dir='ltr'>Poenico</span> <span class='ocrx_word' id='word_1_187' title='bbox 3254 1827 3615 1878; x_wconf 77' lang='lat' dir='ltr'>adscribitur.</span> <span class='ocrx_word' id='word_1_188' title='bbox 3675 1827 3922 1878; x_wconf 80' lang='lat' dir='ltr'>fortasse</span> 
     </span>
     <span class='ocr_line' id='line_1_15' title="bbox 625 1899 3920 1984; baseline -0.001 -16"><span class='ocrx_word' id='word_1_189' title='bbox 625 1923 713 1968; x_wconf 79' lang='lat' dir='ltr'>est</span> <span class='ocrx_word' id='word_1_190' title='bbox 753 1916 911 1967; x_wconf 80' lang='lat' dir='ltr'>locus</span> <span class='ocrx_word' id='word_1_191' title='bbox 951 1899 1059 1966; x_wconf 42' lang='lat' dir='ltr'>ille*</span> <span class='ocrx_word' id='word_1_192' title='bbox 1085 1915 1155 1966; x_wconf 77' lang='lat' dir='ltr'>de</span> <span class='ocrx_word' id='word_1_193' title='bbox 1196 1914 1423 1966; x_wconf 77' lang='lat' dir='ltr'>fabulis,</span> <span class='ocrx_word' id='word_1_194' title='bbox 1500 1913 1703 1979; x_wconf 77' lang='lat' dir='ltr'>quodsi</span> <span class='ocrx_word' id='word_1_195' title='bbox 1744 1913 1815 1965; x_wconf 89' lang='lat' dir='ltr'>de</span> <span class='ocrx_word' id='word_1_196' title='bbox 1863 1914 2144 1965; x_wconf 81' lang='lat' dir='ltr'>Saturniis</span> <span class='ocrx_word' id='word_1_197' title='bbox 2184 1921 2288 1977; x_wconf 79' lang='lat' dir='ltr'>est,</span> <span class='ocrx_word' id='word_1_198' title='bbox 2329 1916 2408 1965; x_wconf 87' lang='lat' dir='ltr'>ita</span> <span class='ocrx_word' id='word_1_199' title='bbox 2447 1921 2716 1981; x_wconf 78' lang='lat' dir='ltr'>corrupta</span> <span class='ocrx_word' id='word_1_200' title='bbox 2755 1920 2892 1967; x_wconf 83' lang='lat' dir='ltr'>sunt</span> <span class='ocrx_word' id='word_1_201' title='bbox 2929 1916 3105 1967; x_wconf 79' lang='lat' dir='ltr'>verba</span> <span class='ocrx_word' id='word_1_202' title='bbox 3145 1920 3206 1968; x_wconf 92' lang='lat' dir='ltr'>ut</span> <span class='ocrx_word' id='word_1_203' title='bbox 3246 1931 3519 1967; x_wconf 78' lang='lat' dir='ltr'>numerus</span> <span class='ocrx_word' id='word_1_204' title='bbox 3561 1914 3655 1984; x_wconf 76' lang='lat' dir='ltr'>ille</span> <span class='ocrx_word' id='word_1_205' title='bbox 3695 1914 3920 1966; x_wconf 82' lang='lat' dir='ltr'>restitui</span> 
     </span>
     <span class='ocr_line' id='line_1_16' title="bbox 624 2002 3600 2070; baseline -0.001 -13"><span class='ocrx_word' id='word_1_206' title='bbox 624 2022 739 2057; x_wconf 88' lang='lat' dir='ltr'>non</span> <span class='ocrx_word' id='word_1_207' title='bbox 779 2004 963 2070; x_wconf 82' lang='lat' dir='ltr'>possit</span> <span class='ocrx_word' id='word_1_208' title='bbox 1003 2004 1110 2055; x_wconf 87' lang='lat' dir='ltr'>nisi</span> <span class='ocrx_word' id='word_1_209' title='bbox 1150 2004 1325 2055; x_wconf 80' lang='lat' dir='ltr'>verba</span> <span class='ocrx_word' id='word_1_210' title='bbox 1364 2002 1696 2069; x_wconf 80' lang='lat' dir='ltr'>mutaveris,</span> <span class='ocrx_word' id='word_1_211' title='bbox 1737 2003 1895 2055; x_wconf 79' lang='lat' dir='ltr'>velut</span> <span class='ocrx_word' id='word_1_212' title='bbox 1933 2003 2044 2054; x_wconf 85' lang='lat' dir='ltr'>sic:</span> <span class='ocrx_word' id='word_1_213' title='bbox 2100 2003 2342 2055; x_wconf 82' lang='lat' dir='ltr'>simitu</span> <span class='ocrx_word' id='word_1_214' title='bbox 2383 2005 2566 2055; x_wconf 83' lang='lat' dir='ltr'>alius</span> <span class='ocrx_word' id='word_1_215' title='bbox 2606 2004 2890 2056; x_wconf 84' lang='lat' dir='ltr'>aliunde</span> <span class='ocrx_word' id='word_1_216' title='bbox 2931 2005 3274 2056; x_wconf 79' lang='lat' dir='ltr'>rumitant</span> <span class='ocrx_word' id='word_1_217' title='bbox 3314 2005 3600 2056; x_wconf 89' lang='lat' dir='ltr'>interse.</span> 
     </span>
    </p>
   </div>
   <div class='ocr_carea' id='block_1_3' title="bbox 621 2254 3920 2803">
    <p class='ocr_par' dir='ltr' id='par_1_5' title="bbox 621 2254 3920 2803">
     <span class='ocr_line' id='line_1_17' title="bbox 836 2254 3920 2339; baseline 0 -21"><span class='ocrx_word' id='word_1_218' title='bbox 836 2256 1099 2319; x_wconf 86' lang='lat' dir='ltr'>Multa</span> <span class='ocrx_word' id='word_1_219' title='bbox 1164 2257 1244 2318; x_wconf 89' lang='lat' dir='ltr'>in</span> <span class='ocrx_word' id='word_1_220' title='bbox 1300 2255 1697 2320; x_wconf 77' lang='lat' dir='ltr'>Versibus</span> <span class='ocrx_word' id='word_1_221' title='bbox 1748 2254 2085 2319; x_wconf 77' lang='lat' dir='ltr'>Italicis</span> <span class='ocrx_word' id='word_1_222' title='bbox 2136 2254 2546 2339; x_wconf 86' lang='lat' dir='ltr'>Antiquis</span> <span class='ocrx_word' id='word_1_223' title='bbox 2597 2255 2873 2320; x_wconf 85' lang='lat' dir='ltr'>Lundae</span> <span class='ocrx_word' id='word_1_224' title='bbox 2923 2257 3091 2321; x_wconf 79' lang='grc'><strong>1890</strong></span> <span class='ocrx_word' id='word_1_225' title='bbox 3139 2254 3413 2320; x_wconf 83' lang='lat' dir='ltr'>collecta</span> <span class='ocrx_word' id='word_1_226' title='bbox 3445 2264 3603 2320; x_wconf 86' lang='lat' dir='ltr'>sunt</span> <span class='ocrx_word' id='word_1_227' title='bbox 3638 2257 3920 2321; x_wconf 77' lang='lat' dir='ltr'>rusticae</span> 
     </span>
     <span class='ocr_line' id='line_1_18' title="bbox 624 2370 3918 2455; baseline 0.001 -21"><span class='ocrx_word' id='word_1_228' title='bbox 624 2371 856 2436; x_wconf 81' lang='lat' dir='ltr'>Musae</span> <span class='ocrx_word' id='word_1_229' title='bbox 905 2378 969 2435; x_wconf 90' lang='lat' dir='ltr'>et</span> <span class='ocrx_word' id='word_1_230' title='bbox 1018 2371 1350 2455; x_wconf 80' lang='lat' dir='ltr'>rhythmis</span> <span class='ocrx_word' id='word_1_231' title='bbox 1400 2371 1759 2435; x_wconf 85' lang='lat' dir='ltr'>inconditis</span> <span class='ocrx_word' id='word_1_232' title='bbox 1808 2372 2125 2436; x_wconf 84' lang='lat' dir='ltr'>carmina.</span> <span class='ocrx_word' id='word_1_233' title='bbox 2203 2392 2279 2435; x_wconf 87' lang='lat' dir='ltr'>ea</span> <span class='ocrx_word' id='word_1_234' title='bbox 2312 2409 2395 2416; x_wconf 89' lang='lat'>—-</span> <span class='ocrx_word' id='word_1_235' title='bbox 2432 2370 2482 2433; x_wconf 89' lang='lat' dir='ltr'>si</span> <span class='ocrx_word' id='word_1_236' title='bbox 2535 2392 2574 2434; x_wconf 82' lang='lat' dir='ltr'>a</span> <span class='ocrx_word' id='word_1_237' title='bbox 2622 2370 3028 2455; x_wconf 82' lang='lat' dir='ltr'>quibusdam</span> <span class='ocrx_word' id='word_1_238' title='bbox 3079 2392 3212 2435; x_wconf 89' lang='lat' dir='ltr'>non</span> <span class='ocrx_word' id='word_1_239' title='bbox 3265 2378 3436 2436; x_wconf 87' lang='lat' dir='ltr'>recte</span> <span class='ocrx_word' id='word_1_240' title='bbox 3486 2372 3707 2437; x_wconf 86' lang='lat' dir='ltr'>relatis</span> <span class='ocrx_word' id='word_1_241' title='bbox 3745 2372 3918 2436; x_wconf 86' lang='lat' dir='ltr'>inid</span> 
     </span>
     <span class='ocr_line' id='line_1_19' title="bbox 621 2484 3920 2571; baseline 0 -20"><span class='ocrx_word' id='word_1_242' title='bbox 621 2508 834 2571; x_wconf 80' lang='lat' dir='ltr'>genus</span> <span class='ocrx_word' id='word_1_243' title='bbox 906 2487 1285 2551; x_wconf 82' lang='lat' dir='ltr'>discesseris</span> <span class='ocrx_word' id='word_1_244' title='bbox 1335 2526 1419 2532; x_wconf 92' lang='lat'>—</span> <span class='ocrx_word' id='word_1_245' title='bbox 1468 2484 1776 2571; x_wconf 83' lang='lat' dir='ltr'>exem&#39;pla</span> <span class='ocrx_word' id='word_1_246' title='bbox 1847 2493 2003 2551; x_wconf 88' lang='lat' dir='ltr'>sunt</span> <span class='ocrx_word' id='word_1_247' title='bbox 2075 2508 2395 2551; x_wconf 86' lang='lat' dir='ltr'>versuum</span> <span class='ocrx_word' id='word_1_248' title='bbox 2465 2486 2840 2550; x_wconf 83' lang='lat' dir='ltr'>italicorum</span> <span class='ocrx_word' id='word_1_249' title='bbox 2908 2488 3347 2571; x_wconf 85' lang='lat' dir='ltr'>antiquorum</span> <span class='ocrx_word' id='word_1_250' title='bbox 3394 2496 3458 2552; x_wconf 85' lang='lat' dir='ltr'>et</span> <span class='ocrx_word' id='word_1_251' title='bbox 3507 2496 3720 2563; x_wconf 80' lang='lat' dir='ltr'>erunt,</span> <span class='ocrx_word' id='word_1_252' title='bbox 3775 2488 3920 2553; x_wconf 88' lang='lat' dir='ltr'>sed</span> 
     </span>
     <span class='ocr_line' id='line_1_20' title="bbox 624 2602 3919 2689; baseline 0 -22"><span class='ocrx_word' id='word_1_253' title='bbox 624 2625 778 2668; x_wconf 88' lang='lat' dir='ltr'>non</span> <span class='ocrx_word' id='word_1_254' title='bbox 849 2604 1134 2667; x_wconf 82' lang='lat' dir='ltr'>omnia</span> <span class='ocrx_word' id='word_1_255' title='bbox 1207 2603 1535 2667; x_wconf 88' lang='lat' dir='ltr'>numeri</span> <span class='ocrx_word' id='word_1_256' title='bbox 1607 2603 2014 2667; x_wconf 83' lang='lat' dir='ltr'>Saturnii.</span> <span class='ocrx_word' id='word_1_257' title='bbox 2110 2624 2525 2689; x_wconf 82' lang='lat' dir='ltr'>quamquam</span> <span class='ocrx_word' id='word_1_258' title='bbox 2593 2602 2823 2667; x_wconf 88' lang='lat' dir='ltr'>videor</span> <span class='ocrx_word' id='word_1_259' title='bbox 2885 2603 2995 2667; x_wconf 92' lang='lat' dir='ltr'>illo</span> <span class='ocrx_word' id='word_1_260' title='bbox 3060 2603 3228 2667; x_wconf 89' lang='lat' dir='ltr'>libro</span> <span class='ocrx_word' id='word_1_261' title='bbox 3281 2603 3773 2669; x_wconf 84' lang='lat' dir='ltr'>demonstrasse</span> <span class='ocrx_word' id='word_1_262' title='bbox 3822 2626 3919 2668; x_wconf 88' lang='lat' dir='ltr'>co-</span> 
     </span>
     <span class='ocr_line' id='line_1_21' title="bbox 621 2718 1995 2803; baseline -0.001 -20"><span class='ocrx_word' id='word_1_263' title='bbox 621 2726 859 2803; x_wconf 78' lang='lat' dir='ltr'>gnatos</span> <span class='ocrx_word' id='word_1_264' title='bbox 909 2740 1052 2783; x_wconf 88' lang='lat' dir='ltr'>esse</span> <span class='ocrx_word' id='word_1_265' title='bbox 1102 2737 1421 2783; x_wconf 86' lang='lat' dir='ltr'>numeros</span> <span class='ocrx_word' id='word_1_266' title='bbox 1469 2718 1615 2783; x_wconf 90' lang='lat' dir='ltr'>illos</span> <span class='ocrx_word' id='word_1_267' title='bbox 1663 2719 1995 2783; x_wconf 82' lang='lat' dir='ltr'>Saturnio.</span> 
     </span>
    </p>
   </div>
   <div class='ocr_carea' id='block_1_4' title="bbox 2744 2982 2768 3024">
    <p class='ocr_par' dir='ltr' id='par_1_6' title="bbox 2744 2982 2768 3024">
     <span class='ocr_line' id='line_1_22' title="bbox 2744 2982 2768 3024; textangle 90"><span class='ocrx_word' id='word_1_268' title='bbox 2744 2982 2768 3024; x_wconf 63' lang='grc' dir='ltr'>ἱ..</span> 
     </span>
    </p>
   </div>
   <div class='ocr_carea' id='block_1_5' title="bbox 615 3288 3917 3956">
    <p class='ocr_par' dir='ltr' id='par_1_7' title="bbox 615 3288 3917 3956">
     <span class='ocr_line' id='line_1_23' title="bbox 833 3288 3917 3375; baseline 0.001 -23"><span class='ocrx_word' id='word_1_269' title='bbox 833 3288 934 3353; x_wconf 88' lang='lat' dir='ltr'>Ad</span> <span class='ocrx_word' id='word_1_270' title='bbox 985 3312 1046 3374; x_wconf 85' lang='lat' dir='ltr'>p.</span> <span class='ocrx_word' id='word_1_271' title='bbox 1088 3292 1142 3364; x_wconf 69' lang='lat'>7,</span> <span class='ocrx_word' id='word_1_272' title='bbox 1187 3291 1267 3352; x_wconf 76' lang='lat'>14</span> <span class='ocrx_word' id='word_1_273' title='bbox 1299 3311 1394 3374; x_wconf 82' lang='lat' dir='ltr'>sq.</span> <span class='ocrx_word' id='word_1_274' title='bbox 1492 3290 1893 3375; x_wconf 81' lang='lat' dir='ltr'>Nuperrime</span> <span class='ocrx_word' id='word_1_275' title='bbox 1944 3290 2236 3374; x_wconf 76' lang='lat' dir='ltr'>Lindsay</span> <span class='ocrx_word' id='word_1_276' title='bbox 2286 3291 2356 3354; x_wconf 87' lang='lat' dir='ltr'>iu</span> <span class='ocrx_word' id='word_1_277' title='bbox 2414 3292 2740 3355; x_wconf 71' lang='lat' dir='ltr'>Transact.</span> <span class='ocrx_word' id='word_1_278' title='bbox 2793 3292 2871 3373; x_wconf 86' lang='lat' dir='ltr'>of</span> <span class='ocrx_word' id='word_1_279' title='bbox 2898 3291 2995 3354; x_wconf 73' lang='lat' dir='ltr'>the</span> <span class='ocrx_word' id='word_1_280' title='bbox 3017 3292 3180 3372; x_wconf 62' lang='lat' dir='ltr'>phil.</span> <span class='ocrx_word' id='word_1_281' title='bbox 3221 3292 3461 3375; x_wconf 74' lang='lat' dir='ltr'>Society</span> <span class='ocrx_word' id='word_1_282' title='bbox 3495 3313 3550 3354; x_wconf 90' lang='lat' dir='ltr'>a.</span> <span class='ocrx_word' id='word_1_283' title='bbox 3594 3293 3779 3355; x_wconf 74' lang='lat'>1894.</span> <span class='ocrx_word' id='word_1_284' title='bbox 3819 3291 3917 3355; x_wconf 90' lang='grc' dir='ltr'>ΙΙΙ</span> 
     </span>
     <span class='ocr_line' id='line_1_24' title="bbox 616 3405 3915 3492; baseline 0.001 -24"><span class='ocrx_word' id='word_1_285' title='bbox 616 3407 747 3468; x_wconf 73' lang='lat'>405</span> <span class='ocrx_word' id='word_1_286' title='bbox 795 3427 937 3490; x_wconf 82' lang='lat' dir='ltr'>sqq.</span> <span class='ocrx_word' id='word_1_287' title='bbox 1004 3405 1085 3469; x_wconf 87' lang='lat' dir='ltr'>de</span> <span class='ocrx_word' id='word_1_288' title='bbox 1150 3427 1428 3470; x_wconf 88' lang='lat' dir='ltr'>numero</span> <span class='ocrx_word' id='word_1_289' title='bbox 1486 3406 1800 3470; x_wconf 81' lang='lat' dir='ltr'>Saturnio</span> <span class='ocrx_word' id='word_1_290' title='bbox 1848 3407 1918 3469; x_wconf 87' lang='lat' dir='ltr'>iu</span> <span class='ocrx_word' id='word_1_291' title='bbox 1968 3406 2253 3470; x_wconf 86' lang='lat' dir='ltr'>eandem</span> <span class='ocrx_word' id='word_1_292' title='bbox 2302 3415 2505 3490; x_wconf 86' lang='lat' dir='ltr'>atque</span> <span class='ocrx_word' id='word_1_293' title='bbox 2554 3414 2752 3472; x_wconf 85' lang='lat' dir='ltr'>antea</span> <span class='ocrx_word' id='word_1_294' title='bbox 2799 3408 3200 3472; x_wconf 87' lang='lat' dir='ltr'>sententiam</span> <span class='ocrx_word' id='word_1_295' title='bbox 3249 3406 3635 3492; x_wconf 84' lang='lat' dir='ltr'>disputavit.</span> <span class='ocrx_word' id='word_1_296' title='bbox 3732 3406 3915 3492; x_wconf 87' lang='lat' dir='ltr'>quod</span> 
     </span>
     <span class='ocr_line' id='line_1_25' title="bbox 618 3521 3916 3608; baseline 0.001 -23"><span class='ocrx_word' id='word_1_297' title='bbox 618 3542 679 3605; x_wconf 91' lang='lat' dir='ltr'>p.</span> <span class='ocrx_word' id='word_1_298' title='bbox 729 3524 859 3586; x_wconf 84' lang='grc'>409</span> <span class='ocrx_word' id='word_1_299' title='bbox 932 3521 1205 3604; x_wconf 86' lang='lat' dir='ltr'>protulit</span> <span class='ocrx_word' id='word_1_300' title='bbox 1276 3522 1477 3586; x_wconf 88' lang='lat' dir='ltr'>huius</span> <span class='ocrx_word' id='word_1_301' title='bbox 1548 3522 1782 3586; x_wconf 84' lang='lat' dir='ltr'>aetatis</span> <span class='ocrx_word' id='word_1_302' title='bbox 1858 3521 2058 3586; x_wconf 87' lang='lat' dir='ltr'>verba</span> <span class='ocrx_word' id='word_1_303' title='bbox 2132 3523 2524 3605; x_wconf 70' lang='grc' dir='ltr'>Είόνεηίίηο,</span> <span class='ocrx_word' id='word_1_304' title='bbox 2592 3525 2926 3604; x_wconf 68' lang='grc' dir='ltr'><em>3οὲἰίενάίο,</em></span> <span class='ocrx_word' id='word_1_305' title='bbox 2994 3526 3314 3606; x_wconf 65' lang='lat' dir='ltr'>seppelirc,</span> <span class='ocrx_word' id='word_1_306' title='bbox 3364 3523 3429 3586; x_wconf 90' lang='lat' dir='ltr'>id</span> <span class='ocrx_word' id='word_1_307' title='bbox 3483 3523 3771 3608; x_wconf 87' lang='lat' dir='ltr'>pertinet</span> <span class='ocrx_word' id='word_1_308' title='bbox 3816 3524 3916 3587; x_wconf 85' lang='lat' dir='ltr'>ad</span> 
     </span>
     <span class='ocr_line' id='line_1_26' title="bbox 616 3636 3915 3723; baseline 0.001 -24"><span class='ocrx_word' id='word_1_309' title='bbox 616 3636 993 3719; x_wconf 80' lang='lat' dir='ltr'>syllabas</span> <span class='ocrx_word' id='word_1_310' title='bbox 1065 3658 1224 3700; x_wconf 90' lang='lat' dir='ltr'>non</span> <span class='ocrx_word' id='word_1_311' title='bbox 1294 3638 1762 3702; x_wconf 81' lang='lat' dir='ltr'>continuas,</span> <span class='ocrx_word' id='word_1_312' title='bbox 1860 3659 1995 3701; x_wconf 86' lang='lat' dir='ltr'>non</span> <span class='ocrx_word' id='word_1_313' title='bbox 2045 3639 2249 3722; x_wconf 84' lang='lat' dir='ltr'>igitur</span> <span class='ocrx_word' id='word_1_314' title='bbox 2297 3659 2374 3702; x_wconf 90' lang='lat' dir='ltr'>eo</span> <span class='ocrx_word' id='word_1_315' title='bbox 2423 3639 2713 3702; x_wconf 85' lang='lat' dir='ltr'>efficitur</span> <span class='ocrx_word' id='word_1_316' title='bbox 2760 3639 3050 3722; x_wconf 80' lang='lat' dir='ltr'>syllabas</span> <span class='ocrx_word' id='word_1_317' title='bbox 3099 3642 3452 3702; x_wconf 82' lang='lat' dir='ltr'>continuas</span> <span class='ocrx_word' id='word_1_318' title='bbox 3501 3647 3702 3723; x_wconf 82' lang='lat' dir='ltr'>atque</span> <span class='ocrx_word' id='word_1_319' title='bbox 3750 3638 3915 3702; x_wconf 84' lang='lat' dir='ltr'>indi-</span> 
     </span>
     <span class='ocr_line' id='line_1_27' title="bbox 615 3752 3913 3839; baseline 0.001 -23"><span class='ocrx_word' id='word_1_320' title='bbox 615 3752 793 3816; x_wconf 87' lang='lat' dir='ltr'>visas</span> <span class='ocrx_word' id='word_1_321' title='bbox 864 3773 904 3816; x_wconf 88' lang='lat' dir='ltr'>a</span> <span class='ocrx_word' id='word_1_322' title='bbox 971 3753 1298 3817; x_wconf 84' lang='lat' dir='ltr'>Romanis</span> <span class='ocrx_word' id='word_1_323' title='bbox 1370 3753 1597 3817; x_wconf 82' lang='lat' dir='ltr'>solitas</span> <span class='ocrx_word' id='word_1_324' title='bbox 1669 3775 1811 3818; x_wconf 88' lang='lat' dir='ltr'>esse</span> <span class='ocrx_word' id='word_1_325' title='bbox 1878 3754 1970 3817; x_wconf 82' lang='lat' dir='ltr'>ita</span> <span class='ocrx_word' id='word_1_326' title='bbox 2036 3754 2458 3839; x_wconf 87' lang='lat' dir='ltr'>pronuntiari</span> <span class='ocrx_word' id='word_1_327' title='bbox 2511 3763 2583 3817; x_wconf 89' lang='lat' dir='ltr'>ut</span> <span class='ocrx_word' id='word_1_328' title='bbox 2622 3756 3014 3835; x_wconf 69' lang='lat' dir='ltr'>primdrium</span> <span class='ocrx_word' id='word_1_329' title='bbox 3064 3755 3376 3820; x_wconf 84' lang='lat' dir='ltr'>dicerent.</span> <span class='ocrx_word' id='word_1_330' title='bbox 3417 3759 3732 3836; x_wconf 63' lang='lat' dir='ltr'>primores</span> <span class='ocrx_word' id='word_1_331' title='bbox 3777 3777 3913 3819; x_wconf 90' lang='lat' dir='ltr'>non</span> 
     </span>
     <span class='ocr_line' id='line_1_28' title="bbox 617 3867 3154 3956; baseline 0.002 -26"><span class='ocrx_word' id='word_1_332' title='bbox 617 3867 930 3932; x_wconf 89' lang='lat' dir='ltr'>dicerent.</span> <span class='ocrx_word' id='word_1_333' title='bbox 1027 3868 1148 3953; x_wconf 87' lang='lat' dir='ltr'>(De</span> <span class='ocrx_word' id='word_1_334' title='bbox 1196 3868 1468 3952; x_wconf 76' lang='lat' dir='ltr'>syllabis</span> <span class='ocrx_word' id='word_1_335' title='bbox 1517 3890 1651 3932; x_wconf 88' lang='lat' dir='ltr'>non</span> <span class='ocrx_word' id='word_1_336' title='bbox 1702 3869 2038 3934; x_wconf 82' lang='lat' dir='ltr'>continuis</span> <span class='ocrx_word' id='word_1_337' title='bbox 2087 3871 2166 3933; x_wconf 79' lang='lat' dir='ltr'>cf.</span> <span class='ocrx_word' id='word_1_338' title='bbox 2222 3892 2298 3934; x_wconf 84' lang='lat' dir='ltr'>ea</span> <span class='ocrx_word' id='word_1_339' title='bbox 2348 3891 2520 3953; x_wconf 80' lang='lat' dir='ltr'>quae</span> <span class='ocrx_word' id='word_1_340' title='bbox 2569 3868 2904 3956; x_wconf 81' lang='lat' dir='ltr'>disputavi</span> <span class='ocrx_word' id='word_1_341' title='bbox 2957 3894 3017 3956; x_wconf 82' lang='lat' dir='ltr'>p.</span> <span class='ocrx_word' id='word_1_342' title='bbox 3075 3872 3154 3954; x_wconf 75' lang='lat'>7.)</span> 
     </span>
    </p>
   </div>
  </div>
 </body>
</html>
