4941 6508
1630 648 1710 698 De
1753 648 2002 697 Numero
2043 646 2309 696 Saturnio
2349 645 2734 709 quaestiones,
3756 622 3833 683 17

523 815 593 877 in
667 812 1000 897 capitibus
1076 810 1167 874 IV
1236 818 1301 873 ct
1370 808 1469 887 V).
1566 807 1668 871 sin
1741 805 2142 870 scandemus
2204 808 2445 887 parens
2515 806 2736 866 te‘mens·
2796 804 2930 865 heir
2994 801 3171 875 vin-il,
3217 823 3454 883 paren-s·
3503 808 3566 864 ct
3614 803 3836 867 timere-s·

525 928 864 1014 patientur
912 926 1402 1010 correptionem
1454 923 1829 987 iambicam.
1928 920 2246 1005 qnoniam
2300 919 2481 1013 enim
2533 919 2694 981 hace
2742 918 2888 981 cola
2934 917 3237 980 saturnia
3286 938 3600 981 mensura
3645 916 3833 1000 sylla·

524 1045 760 1109 barum
833 1042 1205 1126 composita
1277 1063 1419 1105 esse
1493 1039 1805 1103 vidimus.
1884 1059 2017 1100 non
2094 1037 2305 1117 magis
2380 1035 2445 1097 in
2520 1034 2645 1097 hoc
2706 1054 2949 1115 genere
3005 1054 3212 1117 quam
3265 1033 3329 1096 in
3381 1040 3599 1097 cetera
3651 1035 3828 1118 poesi

524 1162 743 1245 prisca
814 1160 1273 1222 Romanorum
1352 1154 1835 1239 paenultimam
1913 1153 2094 1217 vocis
2169 1151 2494 1215 iambicae
2556 1151 2687 1213 ictu
2743 1148 3015 1212 metrico
3065 1148 3322 1212 intendi
3375 1149 3614 1232 poterit
3665 1150 3829 1233 quin

526 1275 923 1359 corripiatur
994 1272 1251 1336 ultima.
1348 1271 1527 1355 quod
1605 1292 1736 1334 non
1810 1268 1959 1333 licet
2021 1265 2459 1353 corripiendis
2528 1265 2655 1329 illis
2703 1288 2936 1349 parens
2982 1267 3206 1328 {inacus
3253 1263 3831 1348 quadrisyllabum

526 1390 692 1455 illud
742 1390 1011 1453 brevius
1060 1409 1264 1473 quam
1318 1408 1435 1471 pro
1486 1387 1658 1449 iusto
1707 1384 1923 1468 spatio
1974 1383 2173 1446 huius
2220 1382 2486 1465 generis
2534 1384 2771 1445 facere.
2849 1403 3006 1444 nam
3055 1388 3128 1443 ut
3168 1379 3461 1444 vidimus
3497 1402 3557 1465 p.
3605 1383 3680 1445 10
3714 1404 3831 1465 sq..

526 1504 1134 1593 quadrisyllabum*
1179 1502 1301 1567 coli
1377 1500 1819 1585 heptasyllabi
1879 1498 2075 1563 debet
2132 1498 2348 1582 spatio
2397 1518 2687 1580 aequare
2740 1498 3003 1580 plenam
3057 1495 3399 1579 dipodiam
3450 1495 3830 1561 iambicam.

526 1644 659 1685 non
712 1621 917 1703 igitur
963 1619 1118 1683 licet·
1165 1618 1483 1682 scandere
1522 1608 1763 1699 parens·
1811 1620 2030 1679 timens
2078 1617 2133 1678 Ιι.
2192 1639 2239 1677 ν.
3801 1598 3805 1601 ’

740 1739 1104 1799 sumamus
1177 1733 1356 1797 aliud
1432 1732 1837 1816 exemplum,
1916 1753 1973 1794 v.
2035 1732 2111 1794 12
2181 1731 2414 1812 subiyit
2482 1730 2782 1811 onmefin)
2854 1732 3221 1793 Lon-canam-
3263 1728 3270 1814 Ι
3315 1730 3674 1812 opse'desqne
3734 1733 3834 1795 ab·

526 1853 781 1917 (Ioncm'l.
879 1849 1220 1933 quomodo
1292 1847 1696 1911 scandamus
1770 1847 1953 1931 prius
2031 1846 2580 1910 hemistichium?
2676 1845 2854 1929 quod
2930 1844 3131 1929 vulgo
3203 1843 3538 1909 scandunt
3605 1847 3835 1938 ζκζιιῖηζσίί

526 1967 829 2045 υιηηρίηι)
904 1967 1288 2039 Lemonum,
1362 1963 1448 2028 id.
1524 1963 1663 2026 sive
1736 1961 1817 2025 ad
1892 1970 2206 2026 accentus
2279 1963 2419 2025 sive
2483 1961 2565 2025 ad
2631 1961 3040 2045 quantitates
3091 1963 3341 2025 referas
3390 1962 3830 2027 scansionem.

532 2082 774 2146 salsum
848 2089 963 2145 est.
1061 2065 1358 2164 primum
1430 2078 1613 2142 enim
1684 2078 1819 2142 ictu
1889 2077 2440 2162 praegravabitur
2492 2078 2729 2141 ultima
2777 2076 2997 2141 brevis
3047 2083 3132 2157 ἤι’,
3185 2099 3319 2140 non
3371 2076 3612 2141 idonea
3659 2099 3832 2162 quaw

527 2219 663 2261 una
725 2180 1234 2280 impressidnem
1293 2196 1636 2259 sustineat.
1735 2193 1913 2279 quod
1966 2195 2017 2257 si
2071 2195 2385 2257 Saturnio
2437 2194 2653 2258 versui
2711 2203 2968 2258 tantam
3020 2194 3352 2257 licentiam
3405 2194 3829 2267 concesseris

528 2322 751 2376 tamen
804 2333 1013 2395 prava
1059 2312 1410 2375 scansione
1460 2312 1584 2375 erit
1631 2310 1980 2395 proximus
2031 2331 2145 2394 pes
2196 2314 2498 2393 omnfiffin)
2549 2311 2873 2395 posterior
2922 2331 3075 2393 pars
3126 2309 3435 2394 dipodiae
3483 2310 3828 2374 iambieac.

525 2450 679 2492 nam
732 2427 995 2509 «generis
1045 2427 1234 2511 dupli
1284 2425 1556 2510 quidem
1612 2420 2003 2509 rhythn‘nnn
2056 2448 2197 2489 esse
2240 2425 2528 2489 declarat
2568 2427 2895 2511 posterius
2932 2425 3429 2489 hemistichium
3465 2427 3830 2508 ‹ips-ideaque

524 2544 864 2609 abdducsit.
962 2542 1365 2628 relinquitur
1434 2550 1509 2606 ut
1578 2549 1985 2626 temptemus
2056 2540 2262 2605 altero
2332 2541 2563 2605 modo:
2622 2542 2856 2624 se'tbiqe't
2904 2545 3206 2623 (mamm)
3258 2542 3641 2606 Lozwo'mam.
3738 2541 3831 2605 sic

525 2667 750 2723 tamen
819 2680 1031 2742 aeque
1095 2658 1538 2729 haerebimus,
1600 2665 1674 2722 ut
1724 2680 1855 2721 non
1909 2657 2098 2721 facile
2150 2680 2288 2722 rem
2340 2657 2799 2742 expediamus.
2899 2680 3058 2721 nam
3107 2657 3557 2740 discrepantia
3605 2678 3833 2721 nume·

527 2796 752 2838 rorum
801 2774 1221 2839 diversorum
1274 2774 1397 2838 erit
1445 2774 1513 2837 in
1568 2773 1870 2838 versibus
1920 2774 2290 2837 continuis:

1338 2940 1399 2981 v.
1460 2920 1553 2981 11.
1639 2919 1695 2981 T
1691 2918 2001 2991 aursisid(
1996 2922 2085 3000 m)
2143 2917 2556 2998 Cisdunaffin)
2613 2969 2934 2979 .......
2973 2919 3013 2999 ¹)

1339 3054 1398 3097 v.
1458 3035 1554 3097 12.
1632 3033 1879 3115 s'e'miyit
1924 3033 2227 3116 (incudm)
2280 3035 2646 3097 Louccznam
2685 3085 3006 3097 .......

523 3176 704 3261 quod
772 3182 1160 3260 suspectum
1230 3183 1344 3239 est.
1442 3183 1505 3239 et
1565 3175 1679 3261 qui
1741 3176 1830 3239 ita
1878 3176 2174 3251 scandat,
2226 3176 2282 3239 ei
2336 3183 2658 3261 perpetuo
2710 3175 3030 3239 miscendi
3085 3181 3281 3239 erunt
3329 3176 3641 3239 trochaici
3698 3197 3827 3239 ver-

523 3314 635 3356 sus
681 3292 1003 3356 iambicis.
1079 3313 1246 3376 quos
1283 3293 1373 3356 ita
1405 3293 1668 3356 misceri
1706 3293 1999 3376 potuisse
2035 3299 2097 3356 ct
2133 3292 2197 3355 in
2240 3291 2561 3356 Versibus
2599 3292 2843 3355 Italicis
2880 3291 3195 3375 Antiquis
3232 3313 3338 3376 pp.
3381 3314 3647 3355 Lxxxlx
3683 3315 3826 3377 sqq.

522 3408 981 3472 demonstrare
1030 3430 1176 3472 sum
1230 3417 1509 3474 conatus
1560 3408 1885 3488 exemplis
1935 3416 1999 3472 et
2049 3429 2131 3472 ne
2182 3430 2362 3472 nunc
2412 3408 2688 3492 quidem
2741 3429 2926 3490 nego.
3008 3407 3126 3471 sed
3161 3408 3212 3472 si
3249 3416 3505 3472 ecrtmn
3540 3415 3828 3472 metrum

523 3520 705 3587 dicas
775 3545 917 3587 esse
989 3525 1380 3588 Saturnium
1456 3523 1633 3608 quod
1709 3531 1887 3588 certo
1959 3532 2022 3587 et
2082 3523 2416 3607 aequabili
2478 3525 2723 3609 pedum
2775 3523 3007 3588 ordine.
3057 3522 3384 3598 decurrat,
3439 3525 3578 3587 iure
3626 3522 3833 3587 dubia

521 3661 598 3703 ac
674 3638 950 3703 molesta
1018 3639 1138 3703 tibi
1201 3641 1323 3703 erit
1372 3661 1452 3704 ea
1497 3640 1759 3703 scansio
1808 3662 1981 3723 quae
2030 3641 2098 3703 in
2151 3663 2227 3704 co
2278 3647 2489 3704 metro
2539 3640 2720 3724 quod
2769 3643 2929 3702 κατὰ
2979 3644 3183 3724 στίχον
3233 3647 3523 3724 ponatur
3571 3648 3828 3703 tantam

526 3754 724 3819 t‘aciat
795 3755 1092 3838 rhythmi
1163 3756 1669 3838 conversionem
1744 3764 1817 3818 ut
1892 3778 2120 3820 versus
2191 3756 2510 3820 trochaici
2579 3763 2644 3819 et
2710 3755 2975 3819 iambici
3029 3766 3353 3840 perpetuo
3405 3755 3826 3820 misceantur.

522 3870 702 3954 quod
775 3878 925 3935 utut
997 3879 1112 3938 est.
1181 3881 1354 3936 certe
1404 3893 1538 3935 non
1588 3872 1897 3954 congruit
1945 3893 2098 3935 cum
2150 3873 2213 3936 vi
2266 3895 2342 3936 ac
2390 3880 2636 3936 natura
2683 3873 2873 3935 metri
2926 3872 3086 3935 certi
3137 3879 3200 3935 ct
3249 3871 3638 3955 aequabilis,
3737 3873 3830 3936 sic

522 3986 725 4070 igitur
801 4008 1195 4051 revocamur
1263 3987 1347 4052 ad
1416 3987 1577 4051 illud
1637 3987 1818 4071 quod
1871 3989 2000 4051 iam
2055 3987 2349 4052 vidimus
2400 4009 2759 4051 numerum
2827 3987 3217 4051 Saturnium
3283 3987 3579 4070 rhythmi
3631 4008 3827 4051 cursu

524 4102 864 4166 fluctuare.

736 4218 865 4282 Sed
933 4218 1003 4282 in
1062 4219 1169 4282 illa
1220 4221 1568 4283 scansione
1617 4220 1747 4283 alia
1797 4219 2144 4284 restabunt
2192 4227 2502 4302 suspecta
2550 4240 2626 4283 ac
2677 4219 2971 4283 molesta.
3071 4221 3122 4282 si
3175 4220 3351 4283 enim
3405 4219 3688 4284 scandas
3737 4221 3830 4284 sic

519 4334 757 4416 se'cbiyit
801 4338 1099 4415 όφηηεζηι)
1142 4335 1148 4418 Ι
1196 4337 1622 4416 Loeecrinaffin)
1696 4357 2017 4399 numerus
2091 4334 2496 4419 infringetur
2562 4343 2626 4398 et
2674 4334 2966 4410 diftluet;
3019 4336 3134 4419 qui
3187 4335 3401 4419 primo
3453 4335 3828 4400 trochaicus

524 4456 665 4512 tum
740 4449 1068 4514 iambicus
1132 4451 1201 4542 in
1271 4451 1506 4515 eodem
1564 4451 1683 4515 crit
1732 4450 2064 4515 membro:
2119 4450 2297 4534 quod
2348 4451 2719 4514 absurdum
2771 4459 2884 4516 cst.
2983 4451 3196 4534 quid?
3291 4451 3473 4535 quod
3521 4451 3828 4515 interval-

520 4562 659 4627 lum
731 4565 1004 4629 secundi
1080 4574 1143 4629 et
1214 4567 1387 4630 tertii,
1461 4566 1631 4630 ictus
1703 4566 2101 4630 extendetur
2172 4567 2237 4629 in
2312 4567 2606 4650 spatium
2680 4567 3149 4631 versificationi
3208 4590 3287 4631 cx
3338 4567 3828 4651 quantitatibus

519 4687 714 4763 aptae
764 4681 1141 4746 inauditnm
1195 4691 1258 4746 et
1305 4670 1644 4750 abnorme,
1698 4683 1878 4766 quod
1922 4705 2076 4747 cum
2115 4683 2438 4766 proximis
2474 4683 2732 4746 ictuum
2767 4683 3132 4746 intervallis
3171 4684 3447 4747 minime
3482 4693 3825 4764 congruat.

738 4796 919 4860 Haec
968 4805 1030 4861 et
1080 4799 1233 4862 talia
1288 4807 1607 4883 perpetuo
1657 4807 2005 4862 occurrent
2054 4807 2113 4862 et
2165 4798 2531 4863 obstabunt
2578 4798 2844 4862 conanti
2894 4801 3315 4863 scansionem
3353 4799 3590 4884 prioris
3627 4800 3826 4864 hemi·

521 4911 735 4975 stichii
788 4913 1068 4976 saturnii
1122 4913 1418 4996 redigere
1468 4914 1554 4978 ad
1604 4914 1852 4998 pedum
1902 4914 2206 4978 ordinem
2267 4925 2543 4978 eertum.

726 5027 1009 5093 -Accedit
1079 5029 1260 5112 quod
1336 5031 1491 5093 item
1556 5032 1880 5115 posterior
1943 5053 2093 5115 pars
2157 5032 2393 5115 prioris
2456 5030 2859 5095 hemistichii
2927 5032 3154 5094 l'ormis
3205 5038 3300 5094 est
3349 5029 3582 5096 ordine
3633 5032 3825 5114 sylla-

523 5138 757 5205 barum
810 5142 1247 5209 dissimilibus
1298 5144 1413 5210 sed
1464 5148 1678 5231 spatio
1728 5149 1867 5210 fere
1920 5147 2192 5231 paribus
2363 5183 2411 5209 ψ
2456 5206 2514 5210 ψ
2579 5156 2643 5211 et
2700 5170 2761 5211 v

740 5392 773 5456 ’ᾖ
813 5395 908 5445 Sin
972 5396 1217 5446 scandas
1270 5412 1396 5446 vnn·
1445 5397 1785 5461 quibusdam
1839 5396 2221 5460 'l'eim·‹i8iu(m)
2265 5396 2504 5448 maioma
2545 5403 2600 5448 et
2640 5414 2869 5447 omnem
2912 5398 3245 5462 rhythmum
3289 5397 3455 5450 tollas
3498 5415 3601 5449 nee
3643 5400 3829 5450 minor

516 5481 623 5531 erit
662 5481 1049 5547 discrepantia
1087 5485 1144 5534 in
1189 5486 1451 5536 versibus
1492 5486 1811 5536 eontinnis:
1863 5484 2245 5550 Trito-visitant)
2290 5484 2584 5538 cimianum
2619 5528 2788 5544 .....
2798 5489 2803 5548 Ι
2833 5485 3048 5551 s'e'cbiqir
3086 5485 3240 5537 sintne
3285 5485 3444 5538 Imm.
3476 5529 3485 5538 .
3518 5531 3526 5538 .
3561 5531 3568 5538 .
3617 5489 3827 5540 ictibus

516 5570 682 5621 aliter
720 5571 777 5621 in
818 5571 931 5622 alio
973 5589 1139 5623 versu
1180 5574 1522 5639 distributis,
1562 5575 1761 5627 ordine
1802 5591 1985 5641 aequo
2029 5576 2085 5626 in
2128 5577 2233 5628 ho(-
2276 5593 2463 5640 versu,
2504 5576 2735 5627 turbato
2776 5575 2834 5627 in
2874 5576 2987 5627 illo.
