4941 6508
1697 607 1779 657 De
1822 606 2071 657 Numero
2111 603 2378 656 Saturnio
2417 603 2803 669 quaestiones

914 766 1015 831 sin
1065 766 1212 830 illos

916 904 1239 965 magnum
1289 889 1599 967 stuprum

912 1136 1190 1199 seseque
1239 1114 1254 1177 i

913 1252 1120 1315 quam
1169 1251 1323 1293 611111
1374 1239 1606 1315 stupro

913 1482 1147 1546 scopas
1195 1469 1398 1547 atque

913 1697 1138 1758 virum
1186 1702 1452 1778 praetor

908 1831 1310 1896 prosperum
1365 1862 1374 1871 .
1432 1862 1441 1873 .
1498 1863 1507 1873 .

910 2048 1137 2105 censet
1183 2061 1260 2104 60

831 2298 834 2300 ’
907 2269 1281 2354 superbiter

906 2607 970 2653 ut
1008 2602 1236 2654 moenia

908 2699 1339 2763 reconciliant

903 2814 1281 2880 Sicilienses

902 3029 1244 3093 onerariae

905 3240 1207 3326 plerique
1256 3263 1490 3306 01111166

1228 3455 1328 3472 Α

903 3475 1174 3558 iamque
1224 3469 1366 3540 eius
1414 3483 1711 3541 mentem

905 3688 1130 3773 magni
1184 3688 1446 3753 *metus

1566 3960 1658 4022 ll.

902 4117 1175 4182 Dabunt
1225 4120 1474 4183 malum

900 4546 1317 4611 [mmortales

896 4661 1131 4726 flerent
1178 4662 1373 4726 divae

894 4777 1118 4861 itaque
1169 4786 1526 4862 postquam
1580 4787 1679 4843 est

893 4891 1076 4956 obliti
1130 4901 1289 4958 sunt

894 5008 1152 5093 loquier
1199 5008 1433 5094 lingua

1774 4389 1870 4452 12.

1822 765 2134 829 deserant

1821 881 2069 966 populo

1822 1113 2035 1199 perire

1818 1231 2033 1296 redire

1822 1461 2148 1527 verbenas

1824 1691 2179 1757 ³²adveneit

1822 1861 2235 1873 ooooooo

1819 2046 2182 2103 venturum

1812 2269 2252 2354 contemptim

1814 2602 1959 2653 sient
1996 2617 2142 2666 quae

1812 2698 2113 2783 captivos

1817 2815 2161 2899 paciscunt

1812 3032 2092 3089 onustae

1809 3243 2216 3328 subiguntur

1810 3477 2079 3541 fortuna

1808 3692 2137 3756 tumultus

1804 4548 2116 4612 mortales

1801 4665 2136 4728 (lamenae

1807 4778 2004 4844 ss()rci

1802 4895 2055 4960 Romae

1803 5010 2027 5076 latina.

2519 762 2794 827 fortissi-

2515 878 2666 943 fieri

2518 1114 2870 1179 mavolunt

2517 1231 2601 1295 ad
2652 1251 2808 1295 suos

2515 1461 2824 1546 sagmina

2516 1696 2822 1780 auspicat

2524 1863 2936 1875 nnnnnnn

2513 2040 2784 2105 obviam

2509 2269 2791 2334 conterit

2510 2502 2566 2553 id
2606 2518 2832 2567 quoque

2512 2600 2773 2651 Lutatius
2918 2676 2921 2679 Δ

2509 2697 2850 2782 plurimos

2512 2813 2776 2877 obsides

2511 3024 2778 3089 stabant

2504 3241 2630 3307 sub
2679 3264 2879 3307 suum

2507 3478 2758 3542 fecerat

2508 3700 2775 3775 pectora

1756 3961 2152 4025 Metellorum
2200 3984 2413 4025 versus
2463 3961 2531 4023 ln
2582 3962 2656 4024 N
2649 3960 2914 4024 (levium.

1805 4120 2050 4185 Metelli
2497 4120 2753 4184 Naevio

1967 4388 2389 4470 Epiyramma
2445 4388 2518 4451 N
2511 4386 2675 4451 aetii
2683 4440 2692 4449 .

2499 4548 2875 4610 si-foret-fas

2503 4662 2831 4726 Naevium

2499 4779 2782 4842 traditus

3163 761 3540 825 -mos-vi‘ros

3160 899 3277 961 per
3322 876 3541 960 gentis

3159 1111 3410 1176 ibidem

3163 1227 3504 1313 popularis

3161 1468 3597 1544 sumpserunt

3157 1694 3532 1780 auspicium

3163 2041 3464 2105 Poenum

3158 2270 3450 2354 legiones

3156 2502 3454 2568 paciscunt

3152 2599 3334 2651 iubeat

3149 2697 3324 2761 idern

3152 2821 3226 2876 ut
3274 2812 3559 2877 reddant

3152 3025 3221 3088 in
3271 3025 3520 3090 flustris

3149 3242 3474 3308 iudicium

3149 3476 3446 3560 quietem

3152 3690 3439 3775 possidit

3148 4129 3380 4203 poetae

3143 4547 3295 4612 flere

3142 4671 3427 4747 poetam.

3141 4780 3455 4844 thesauro

3823 742 3914 823 64‘

3824 876 3908 939 65

3807 4119 3888 4182 78

3806 4550 3887 4611 79

3803 4667 3887 4727 80

3803 4783 3880 4843 sl

3737 4899 3820 4960 82
3848 4919 3886 4960 a

3737 5013 3820 5075 >32
3844 5013 3885 5078 b

784 5276 1129 5341 Postremo
1200 5281 1411 5343 affero
1484 5280 1607 5343 tria
1670 5282 1987 5346 carmina.
2050 5304 2225 5366 quae
2275 5304 2696 5367 quamquam
2747 5283 3119 5348 horridiora
3168 5294 3327 5349 suut
3374 5294 3438 5349 et
3484 5283 3739 5368 aliquid
3796 5283 3881 5347 ab

571 5411 808 5454 norma
873 5392 1203 5456 severiore
1262 5392 1634 5464 discedunt,
1689 5404 1916 5461 tamen
1964 5398 2107 5461 sine
2157 5397 2362 5463 dubio
2413 5399 2479 5461 in
2534 5399 2832 5483 reliquiis
2883 5401 3056 5464 veris
3106 5401 3438 5484 certisque
3487 5402 3708 5486 poesis
3760 5403 3881 5465 Sa-

568 5505 831 5569 turniae
884 5515 1043 5571 sunt-
1090 5507 1399 5573 habenda
1426 5533 1438 5573 :
