4941 6508
2536 1913 2832 1978 CAPUT
2885 1913 3000 1977 ΙΙΙ.

2173 2114 2308 2190 De
2366 2113 2598 2191 colis
2667 2112 3369 2214 heptasyllabis.

1342 2380 1502 2444 Esse
1573 2377 1711 2443 cola
1788 2378 2266 2463 heptasyllaba,
2346 2377 2802 2461 hexasyllaba,
2861 2378 3342 2463 pentasyllaba,
3395 2378 3925 2462 quadrisyllabffi
3976 2399 4149 2462 quae
4197 2380 4426 2442 onmia

1124 2498 1259 2559 fere
1307 2535 1393 2542 —
1443 2504 1703 2581 practer
1752 2494 2253 2579 ‹·1ua‹lrisyllai›a
2299 2533 2383 2539 —-—
2435 2493 2637 2557 incidi
2687 2492 2908 2558 media
2956 2494 3488 2558 demonstratum
3539 2503 3653 2557 cst.

1337 2613 1534 2676 Nunc
1607 2633 1763 2676 vero
1837 2609 2248 2693 singillatim,
2300 2631 2434 2695 quo
2505 2609 2705 2674 modo
2754 2617 3001 2675 structa
3055 2611 3184 2675 sint
3235 2609 3510 2694 syllabis
3558 2630 3828 2693 quoquo
3879 2610 4077 2674 modo
4126 2611 4427 2675 numeris

1124 2729 1507 2793 modificata
1554 2727 1922 2792 videamus.

1345 2847 1438 2908 Ac
1489 2844 1780 2924 primum
1835 2842 1878 2906 11
1899 2850 2133 2927 eptas
2150 2841 2433 2925 ι11113113
2482 2842 2758 2907 veniant
2805 2841 2873 2905 in
2923 2862 3225 2906 examen.

1345 2959 1542 3035 Quod
1591 2980 1805 3044 genus
1854 2958 2243 3023 universum
2297 2958 2765 3042 complectitur
2812 2954 3012 3021 etiam
3062 2956 3173 3023 illa
3223 2978 3396 3042 quae
3445 2956 3662 3022 soluta
3708 2958 4128 3043 longitudine
4175 2959 4426 3023 habent

1125 3075 1415 3160 syllabas
1470 3083 1743 3139 octonas
1792 3096 2194 3140 novenasve.
2268 3074 2428 3157 quia
2476 3075 2659 3138 enim
2707 3073 2903 3137 binae
2951 3072 3102 3137 111116
3150 3074 3406 3138 solutae
3440 3073 3734 3157 syllabae
3769 3074 4051 3159 singulis
4084 3074 4426 3160 productis

1126 3193 1341 3278 spatio
1410 3213 1600 3277 pares
1663 3197 1838 3266 sunt,
1890 3191 1956 3253 111
2008 3190 2451 3276 septenariam
2505 3211 2888 3254 mensuram
2939 3190 3401 3254 aestimatione
3449 3192 3714 3254 aurium
3766 3191 3956 3256 facile
4006 3191 4417 3276 rediguntur.

1125 3310 1308 3373 velut
1358 3310 1568 3373 Duc-tu
1618 3309 1899 3391 auspicio
1948 3309 2330 3390 imperioque
2377 3307 2676 3371 eiusdem
2725 3307 2988 3390 generis
3036 3315 3135 3371 est
3181 3328 3257 3371 ac
3304 3311 3608 3372 neoeebant
3658 3311 3852 3372 »encta
3899 3310 4142 3373 imm-se.

1341 3424 1536 3499 Quod
1611 3431 1833 3489 auten]
1909 3423 2163 3487 malum
2235 3432 2552 3488 eventum
2618 3423 3002 3487 habuerunt
3048 3424 3406 3487 conamina
3454 3431 3517 3487 et
3564 3445 3795 3487 eorum
3845 3425 3961 3508 qui
4012 3423 4092 3488 de
4143 3445 4422 3488 numero

1126 3541 1427 3605 saturnio
1500 3539 1920 3624 disputantes
1991 3548 2307 3603 accentus
2379 3540 2472 3602 ita
2528 3539 2736 3603 secuti
2797 3547 2954 3602 sunt
3005 3546 3075 3602 ut
3126 3541 3550 3622 neglegerent
3600 3540 4009 3623 quantitates
4057 3547 4122 3604 et
4169 3541 4284 3624 qui
4333 3542 4426 3604 ita

1125 3657 1533 3741 quantitates
1584 3665 1659 3719 ut-
1708 3655 2134 3740 neglegerent
2181 3663 2494 3720 accentus
2526 3656 2715 3718 —in
2765 3677 2900 3738 quo
2950 3677 3231 3720 numero
3281 3677 3402 3740 ego
3451 3676 3720 3740 quoque
3769 3656 4114 3739 quondam
4164 3656 4259 3720 fui
4305 3679 4419 3719 ——:

1127 3795 1309 3837 nunc
1359 3773 1693 3837 rationem
1742 3770 2140 3836 habebimus
2189 3779 2253 3835 et
2299 3780 2697 3836 accentuum
2750 3780 2815 3835 et
2862 3772 3333 3855 quantitatum.

1343 3889 1473 3954 Sed
1523 3888 1609 3952 ad
1657 3910 1795 3953 rem
1853 3896 2287 3952 transeamus,

1346 4118 1833 4206 Heptasyllaba
1864 4119 2068 4204 igitur
2101 4120 2345 4204 partim
2378 4119 2630 4184 cadunt
2663 4119 2731 4183 in
2764 4119 3062 4184 iambum
3098 4120 3336 4205 partim
3373 4121 3444 4184 in
3476 4122 3852 4206 spondeum
3885 4122 4421 4205 (trochacumve).

1340 4238 1385 4300 Ι.
1484 4238 1675 4313 Quae
1747 4238 1817 4299 in
1852 4256 1856 4259 ⁴
1891 4234 2289 4302 iambum.
2365 4257 2594 4301 eorum
2656 4236 2782 4299 tria
2830 4243 2987 4300 sunt
3031 4258 3295 4320 genera,
3345 4237 3399 4301 si
3449 4239 3770 4303 rationem
3823 4227 4089 4317 habeaS,
4141 4247 4215 4302 ut
4263 4239 4423 4315 dixi,

1133 4360 1197 4419 et
1243 4362 1644 4418 accentuum
1693 4359 1757 4417 et
1804 4352 2278 4437 quantitatum.

1346 4470 1579 4535 Unum
1625 4490 1840 4555 genus
2004 4491 2071 4532 U
2132 4485 2153 4530 ἱ
2220 4491 2286 4531 U
2332 4467 2336 4552 Ι
2388 4503 2455 4532 με
2497 4504 2546 4530 ψ
2713 4470 3136 4552 neque-tamem
3185 4477 3241 4534 te
3288 4472 3358 4534 ob
3411 4468 3415 4556 Ι
3468 4471 3617 4537 litas
3661 4494 3798 4536 sum
3836 4473 3878 4556 ¹)
3926 4477 3990 4535 et
4041 4489 4106 4533 >2
4149 4494 4214 4535 U
4255 4507 4320 4534 ἡκ
4360 4494 4429 4536 U

1134 4588 1476 4670 imperator
1528 4586 1531 4672 Ι
1586 4587 1834 4652 dedicat
1880 4594 1942 4651 et
2105 4609 2169 4650 U
2210 4621 2258 4646 .·
2318 4609 2385 4650 U
2429 4587 2433 4671 Ι
2477 4623 2544 4647 ffi-
2585 4621 2636 4648 ψ
2677 4644 2738 4648 m
2793 4586 3019 4669 qitquei
3065 4588 3185 4651 hac
3230 4586 3530 4651 dederunt
3582 4589 3587 4673 Ι
3638 4591 3900 4671 &viperam

1342 4703 1647 4768 Alterum
1696 4724 1910 4787 genus
1958 4726 2024 4767 U
2070 4736 2135 4768 ρ.
2177 4725 2244 4766 U
2284 4720 2323 4767 ,ζ
2395 4703 2400 4788 Ι
2452 4738 2500 4767 ,;
2556 4738 2606 4765 U
2645 4761 2660 4765 -
2781 4702 3112 4768 Cornelias
3152 4700 3160 4789 Ι
3203 4703 3460 4770 kam'ua

1340 4820 1641 4884 Tertium
1693 4842 1906 4904 genus
1956 4828 2055 4886 est
2104 4842 2385 4886 numero
2442 4820 2758 4885 infracto:
2812 4828 2878 4884 U
3131 4841 3198 4883 U
3243 4821 3246 4904 Ι
3297 4852 3334 4881 --
3399 4856 3448 4881 U
3487 4878 3552 4882 ,ἡ
3616 4822 3791 4884 dedet
3845 4823 4070 4902 Tempe
4112 4820 4118 4907 Ι
4159 4821 4432 4886 aldiebus

1066 4987 1073 4994 .
1126 4944 1191 5002 et
1237 4920 1303 5002 U
1348 4995 1355 4998 „
1454 4970 1519 4996 Μ·-
1560 4959 1627 5000 U
1672 4935 1676 5020 Ι
1720 4971 1760 5000 -·
1831 4972 1881 4999 ψ
1922 4996 1987 5000 --
2055 4939 2219 5020 quod
2263 4940 2333 5003 in
2382 4938 2533 5003 bello
2585 4937 2588 5008 Ξ
2639 4937 2903 5003 voi-erat.

1342 5054 1567 5138 Signis
1643 5061 1798 5119 uoto
1874 5077 2004 5118 non
2081 5055 2253 5118 ictus
2324 5055 2633 5119 metricos
2681 5091 2767 5099 ——-
2816 5055 2932 5137 qui
2994 5055 3062 5118 in
3131 5054 3349 5139 prima
3405 5061 3589 5139 parte
3638 5074 3870 5119 versus
3918 5054 4213 5118 Saturnii
4262 5054 4428 5120 nulli

1134 5179 1295 5234 sunt
1342 5172 1501 5235 certi
1551 5210 1636 5217 ——
1685 5171 1800 5236 sed
1856 5180 2174 5236 accentus
2227 5169 2580 5235 verborum
2632 5171 2712 5235 iis
2760 5171 3034 5256 quidem
3084 5171 3242 5236 locis
3290 5169 3405 5234 ubi
3453 5169 3728 5235 notandi
3778 5169 4197 5236 videbantur.
4270 5193 4428 5237 nam

1345 5422 1382 5486 ¹)
1418 5421 1798 5490 >neque-tamen
1836 5429 1901 5475 ut
1938 5439 2027 5489 ap.
2067 5423 2249 5474 Plaut.
2290 5427 2349 5474 et
2386 5423 2510 5474 Ter.
2538 5420 2790 5490 facilius.
2866 5423 2937 5475 de
2987 5423 3222 5475 vocibus
3270 5423 3560 5489 paeonicis
3599 5440 3718 5475 rem
3759 5423 4057 5490 perspexit
4095 5424 4207 5476 iarn
4248 5425 4428 5475 BEN'r·

1132 5528 1324 5566 murs.
1402 5529 1558 5564 more
1617 5514 1935 5564 LINJmAYI
1995 5512 2203 5565 lineola
2256 5513 2365 5576 (——)
2421 5513 2625 5579 copulo
2674 5513 2719 5563 si
2771 5529 2916 5577 qnae
2957 5529 3125 5563 voces
3168 5513 3633 5578 pronuntiatione
3672 5519 3842 5579 atque
3882 5519 4120 5566 accentu
4162 5514 4218 5564 in
4261 5514 4432 5564 unius

1125 5604 1282 5656 vocis
1321 5620 1527 5669 corpus
1571 5609 1796 5655 coeunt.
