4941 6508
1048 586 1086 645 2
2462 601 2522 652 (ἶ.
2569 602 2640 652 Μ.
2681 600 2917 651 Zander.

1048 759 1413 825 monocolis
1483 760 1700 844 iisque
1770 762 1864 826 ita
1929 761 2330 845 comparatis
2392 768 2467 823 ut
2522 767 2581 824 et
2633 758 2817 823 nullo
2866 757 3254 824 discrimino
3301 767 3417 823 aut
3464 759 3697 824 ordine
3748 761 4156 824 misceantur
4206 759 4348 824 cola

1047 899 1125 942 ea
1172 898 1345 961 quae
1394 898 1716 942 versuum
1763 877 2244 942 bimembrium
2291 878 2507 941 solent
2554 898 2696 941 esse
2745 876 3109 959 posteriora
3161 897 3313 939 cum
3365 876 3446 941 iis
3496 896 3668 960 quae
3718 875 3958 960 priora,
4010 885 4075 940 et
4134 876 4348 962 magis

1047 993 1447 1058 cohaereant
1495 992 1637 1058 bini
1686 992 2019 1058 sententia
2065 1014 2318 1057 versus.

1258 1224 1649 1310 Syllabas
1722 1233 1978 1311 septem
2050 1226 2253 1309 priuS.
2327 1248 2444 1290 sex
2508 1226 2838 1309 posterius
2899 1225 3401 1290 hemistichium
3459 1224 3662 1290 habet
3707 1223 4125 1309 plerumque.
4224 1225 4339 1289 sed

1043 1342 1245 1406 huius
1315 1362 1584 1427 quoque
1655 1343 1750 1407 rei
1812 1342 2039 1426 aliqua
2104 1342 2389 1406 varietas
2438 1348 2553 1406 est.
2651 1341 2902 1406 habent
2950 1341 3133 1406 enim
3181 1342 3404 1425 priora
3450 1340 3877 1405 hemistichia
3923 1340 4179 1425 aliquot
4228 1362 4343 1405 sex

1043 1457 1350 1542 syllabae,
1402 1459 1771 1543 posteriora
1819 1479 1955 1523 11011
2002 1478 2219 1543 pauca
2266 1458 2586 1541 quinque.
2670 1457 2836 1543 quin
2885 1457 3082 1522 etiam
3135 1465 3295 1521 sunt
3342 1456 3767 1521 hemistichia
3815 1456 4032 1541 specie
4068 1456 4342 1541 quidem

1043 1572 1335 1658 quinum
1402 1573 1831 1657 syllabarum.
1907 1573 2023 1638 sed
2085 1594 2257 1657 quae
2306 1581 2548 1638 natura
2596 1573 2892 1658 rhythmi
2944 1580 3009 1638 et
3056 1558 3319 1637 aurium
3373 1593 3696 1637 mensura
3739 1579 4033 1656 aequent
4078 1572 4343 1657 quadri-

1042 1688 1411 1775 syllabum:
1464 1712 1524 1755 v.
1577 1692 1617 1753 2
1666 1698 1731 1755 et
1778 1694 1835 1768 6,
1889 1690 1970 1755 de
2019 1688 2266 1774 quibus
2315 1688 2407 1754 cf]
2452 1710 2595 1774 cap.
2647 1689 2742 1753 IV
2793 1696 2955 1754 extr.
3753 1688 3758 1695 ²

1254 1805 1432 1870 Nam
1503 1805 1670 1870 nihil
1741 1805 1978 1870 attinet
2047 1806 2280 1871 docere
2330 1844 2415 1852 —
2464 1804 2646 1891 quod
2709 1805 2824 1890 qui
2884 1805 3375 1891 quantitatibus
3424 1805 3677 1890 quique
3725 1805 4111 1870 accentibus
4160 1826 4342 1871 scan-

1043 1921 1213 1985 dunt
1260 1922 1594 1986 saturnios
1643 1923 2072 1986 consentiunt
2118 1961 2204 1968 —
2252 1921 2472 1987 soluta
2510 1920 2928 2006 longitudine
2962 1920 3154 1986 binas
3190 1921 3423 1987 breves
3457 1942 3599 1986 esse
3631 1943 3754 2006 pro
3788 1921 4071 2006 singulis
4105 1923 4340 2005 longis.

1041 2026 1271 2123 itaque
1318 2059 1376 2100 v,
1436 2040 1514 2101 12
1576 2039 1810 2120 ,ς’ῐὶέιῖρίέ
1878 2060 2052 2102 omne,
2123 2039 2493 2103 Loucanam
2558 2060 2640 2102 ex
2704 2036 2938 2102 eodem
2987 2059 3229 2122 genere
3278 2044 3376 2102 est
3424 2058 3558 2122 quo
3606 2059 3666 2102 v.
3728 2040 3798 2101 ll
3863 2039 4190 2103 Taurasia
4247 2039 4341 2102 Oi-

1040 2176 1250 2221 sauna
1319 2162 1383 2219 et
1452 2161 1668 2219 cetera
1739 2153 1883 2218 cola
1951 2161 2205 2238 septem
2280 2152 2725 2238 syllabaruim
2801 2155 2865 2217 in
2940 2175 3056 2218 sex
3127 2160 3352 2218 autem
3421 2153 3834 2237 syllabarum
3890 2153 4051 2219 colis
4100 2155 4154 2219 si
4207 2176 4341 2218 11011

1042 2290 1324 2334 numero
1394 2269 1804 2353 syllabarum
1875 2277 1943 2334 at
2012 2271 2227 2354 spatio
2288 2291 2491 2334 suum
2556 2270 2778 2334 locum
2826 2269 3082 2335 obtinet
3131 2292 3189 2341 v.
3244 2273 3281 2329 8
3317 2271 3519 2354 fortis
3564 2271 3666 2335 vir
3710 2272 4105 2353 sapiensque,
4156 2269 4338 2354 quod

1040 2386 1320 2479 aequale
1368 2393 1468 2451 est
1515 2387 1605 2451 illi
1657 2385 1960 2451 membro
2010 2408 2242 2451 versus
2295 2387 2377 2450 ’ἰεί
2432 2387 2643 2469 Scipio
2692 2387 3036 2451 Βανόαίιιε.
