4941 6508
1083 2101 1170 2164 49

1080 2312 1235 2376 491)

1077 3171 1154 3232 51

1067 4903 1152 4966 60

1065 5232 1150 5294 62

1065 5350 1150 5413 62
1176 5346 1219 5412 b

1064 5539 1149 5622 63

1411 799 1504 863 ibi
1552 820 1835 863 manens

1409 916 1520 982 [me
1560 922 1843 983 carpento

1412 1130 1612 1195 simul
1662 1152 1738 1194 ac
1788 1130 2120 1194 dac-rimas

1415 1344 1805 1409 Mercurius.

1416 1560 1654 1643 partim
1707 1566 1931 1623 errant

1407 1768 1745 1833 nexebant
1792 1768 2007 1832 multa

1407 1884 1613 1948 dubio
1668 1937 1678 1947 .
1734 1938 1745 1950 .
1803 1937 1813 1947 .
1870 1937 1880 1948 .

1408 2107 1645 2184 topper
1692 2102 1816 2164 o‘ft‘i

1406 2319 1629 2376 Utrum
1677 2314 1894 2396 genita

1404 2758 1663 2824 Novem
1716 2758 1907 2824 [oves

1400 2979 1702 3040 postquam
1743 2972 1882 3024 hanc
1919 2956 2083 3027 avem

1398 3088 1560 3124 sacra
1598 3072 1657 3123 in
1700 3088 1901 3123 mensa

1402 3168 1794 3233 immolabat

1399 3508 1600 3566 noctu
1654 3499 1940 3566 *Troiad

1400 3619 1631 3683 flentes
1679 3617 1917 3682 ambae

1399 3854 1628 3898 eorum
1681 3840 1928 3898 sectam

1400 4045 1514 4110 ubi
1561 4045 1741 4110 foras

1392 4259 1624 4323 ferunt
1672 4257 1937 4344 pulcras

1392 4480 1653 4558 patrem
1701 4493 1902 4537 suum

1397 4687 1659 4752 inerant
1705 4687 1900 4771 signa

1391 4899 1769 4987 bicorpores

1388 5018 1669 5083 Runcus
1718 5026 1921 5102 atque

1388 5229 1632 5294 blande
1681 5235 1746 5293 et
1794 5228 1983 5293 docte

1386 5346 1656 5411 Troiam
1707 5344 1938 5409 urbem

1385 5558 1601 5642 prima
1648 5555 1900 5622 incedit

2517 638 2577 690 C.
2618 639 2692 691 M.
2737 640 2973 691 Zander.

2322 797 2550 864 sedeto

2319 915 2681 968 ‘vehementi

2322 1131 2517 1195 decre

2320 1364 2613 1427 cumque
2662 1347 2736 1405 ὅῦ

2326 1556 2764 1641 *nequenunt

2318 1768 2585 1832 inter-se

2314 2100 2396 2163 ad
2447 2100 2631 2165 aedis

2311 2312 2728 2396 amplectens

2311 2757 2674 2823 concordes

2310 2974 2540 3039 aspexit

2310 3071 2337 3099 ‘
2343 3078 2616 3138 penatum

2311 3191 2584 3234 tllll'ean]

2308 3501 2584 3566 exibant

2304 3617 2628 3683 abeuntes

2306 3836 2686 3913 sequuntur

2312 4052 2459 4110 etim
2512 4066 2677 4110 auro

2302 4268 2591 4326 crateras

2299 4493 2692 4557 supremum

2300 4709 2616 4773 expressa

2300 4901 2623 4985 Gigantes

2298 5017 2681 5101 Porpureus

2294 5232 2643 5312 percontat

2290 5342 2564 5427 liquerit

2290 5557 2542 5621 Cereris

3019 798 3336 863 donicum

3016 931 3080 968 en
3118 916 3351 968 domum

3021 1152 3273 1212 noegeo

3020 1342 3193 1405 filius

3019 1556 3372 1619 Graeciam

3013 2102 3323 2167 venhnus

3012 2313 3340 2397 virginem

2160 2598 2255 2661 10.
2354 2598 2463 2661 Ex
2513 2598 2749 2661 Naevii
2801 2598 2985 2662 Bello
3031 2598 3317 2664 Poenico,

3011 2758 3182 2825 filiae

3007 2974 3144 3027 indu
3185 2978 3398 3043 templo

3005 3074 3206 3127 ordine

3007 3171 3352 3238 victimam

3006 3388 3358 3454 amborum

3003 3504 3336 3589 capitibus

3002 3619 3295 3684 lacrimis

3007 3831 3198 3895 multi

3005 4045 3141 4109 illic

2999 4281 3236 4324 aureas

2997 4478 3357 4557 optumum

2994 4707 3130 4771 quo
3180 4683 3380 4748 modo

2990 4897 3219 4982 magni
3271 4903 3474 4981 atque

2997 5014 3115 5078 filii

2987 5225 3249 5289 Aeneas

2987 5557 3269 5621 Pro-ser-

3662 799 3919 865 videbis

3662 916 3912 983 venisse]

3661 1130 3933 1196 detersit

3661 1344 3953 1408 Latonas

3657 1558 3872 1621 redire

3659 1770 3991 1835 nodorum

3658 1940 4072 1951 ooooooo

3649 2782 3906 2826 ΞΟΙὈΓΘΒ

3651 2977 3905 3029 Anchisa

3647 3081 3941 3142 ponuntur

3646 3174 3948 3258 pulcram

3646 3411 3888 3454 uxores

3644 3506 3893 3590 opertis

3641 3643 3796 3685 cum
3848 3621 4078 3688 multis

3645 3830 3958 3897 mortales

3645 4045 3920 4110 exibant

3640 4259 3910 4344 lepistas

3638 4469 3934 4556 appellat

3636 4683 3861 4748 Titani

3634 4898 3939 4962 Atlantes

3634 5012 3873 5078 Terras

3628 5244 3764 5306 quo
3812 5230 4008 5308 pacto

3628 5547 4002 5639 -pina-ptier
