4941 6508
1067 624 1152 689 ‘ZO
2491 641 2550 693 C.
2589 644 2666 693 M.
2710 644 2946 695 Zander.

1066 809 1142 866 ct
1213 799 1447 865 modo
1509 800 1763 864 finita
1811 801 1994 864 cola
2040 801 2287 864 hahet
2340 808 2418 865 et
2465 801 2767 865 crebro
2817 800 3236 866 distincta
3284 826 3372 865 ac
3423 801 3701 867 divisa
3752 802 4217 886 eademque
4266 803 4455 897 ita·⁸

1064 924 1260 1003 apta
1331 940 1418 981 ac
1493 917 1989 980 modificata
2058 917 2695 1000 quantitatibus
2765 916 3292 1001 syllabarum
3362 927 3446 982 ut
3519 919 3971 1002 rhythmus
4045 940 4380 1003 progre-

1064 1033 1352 1097 diatur
1422 1054 1583 1096 non
1658 1054 1799 1116 per
1870 1030 2129 1116 pedes
2178 1071 2262 1078 —
2315 1032 2566 1116 pedes
2641 1034 2861 1099 cuim
2925 1035 3006 1098 in
3074 1035 3472 1099 Saturnio
3525 1056 3866 1099 numero
3917 1035 4135 1099 nulli
4189 1043 4382 1098 sunt

1064 1149 1271 1213 certi
1320 1187 1406 1194 —
1454 1147 1593 1213 sed
1663 1149 1904 1232 quasi
1964 1170 2103 1231 per
2151 1147 2545 1232 dipodias
2594 1188 2674 1195 —
2727 1149 2779 1213 si
2832 1148 2980 1213 licet
3031 1150 3097 1213 in
3149 1149 3275 1214 hac
3324 1170 3391 1213 re
3442 1148 3867 1234 dipodiarum
3923 1150 4194 1214 nomine
4245 1171 4382 1215 uon

1068 1264 1338 1348 propria
1386 1265 1451 1327 vi
1502 1264 1595 1327 uti
1649 1301 1728 1309 -
1782 1263 1906 1329 vel
1983 1265 2261 1347 potius
2334 1287 2470 1348 per
2542 1274 2958 1329 commata
3026 1264 3411 1349 dipodiis
3459 1305 3545 1312 --
3595 1276 3739 1329 tum
3807 1266 4185 1330 acatalectis
4235 1276 4375 1331 tum

1064 1381 1461 1444 catalecticis
1511 1419 1596 1426 —-
1643 1380 2051 1464 aequalia.
2148 1402 2229 1444 ex
2302 1402 2436 1464 quo
2509 1382 2800 1445 efficitur
2869 1381 3075 1445 ictum
3151 1382 3502 1445 metricum
3569 1383 3894 1446 maiorem
3945 1383 4083 1446 vim
4134 1382 4378 1447 habere

1064 1496 1132 1559 in
1205 1495 1558 1580 rhythmos
1624 1495 1770 1559 illos
1819 1495 2356 1565 christianorum,
2410 1498 2524 1580 qui
2577 1496 2720 1561 siue
2768 1497 3153 1561 accentibus
3206 1497 3308 1561 vel
3361 1498 3870 1580 percussionum
3920 1499 4153 1563 ordine
4203 1506 4377 1562 stare

1065 1634 1198 1675 non
1270 1620 1569 1697 possunt.
1666 1610 1983 1696 quoniam
2058 1621 2280 1675 autem
2358 1613 2716 1677 Saturnius
2788 1634 3109 1677 numerus
3186 1615 3375 1676 firma
3431 1621 3528 1677 est
3597 1619 3947 1694 structura,
4001 1614 4376 1698 quantitate

1064 1752 1140 1792 ac
1188 1728 1483 1812 pondere
1532 1727 1943 1811 syllabarum
1991 1735 2209 1812 aptus,
2261 1750 2405 1792 eam
2458 1729 2544 1791 oh
2596 1751 2737 1793 rem
2785 1729 2870 1793 ad
2920 1751 3193 1793 versum
3242 1750 3741 1813 munerumque
3799 1730 4155 1813 poeticum.
4210 1729 4372 1793 dum

1065 1844 1388 1929 posterior
1458 1864 1611 1927 pars
1684 1865 1915 1907 versus
1986 1844 2381 1927 rhythmum
2432 1845 2765 1928 exprimat
2817 1844 3379 1929 percussionibus,
3436 1866 3570 1909 non
3621 1866 3889 1909 necesse
3939 1852 4037 1908 est
4086 1846 4376 1929 priorem

1062 1981 1333 2044 quoque
1407 1967 1664 2043 partem
1736 1981 1874 2023 una
1943 1960 2170 2044 aliqua
2242 1961 2428 2024 metri
2501 1962 2723 2024 forma
2770 1961 3047 2045 astringi
3100 1970 3217 2025 aut
3266 1960 3542 2025 reddere
3592 1959 4018 2044 aequabilem
4068 1960 4370 2024 ordinem

1066 2076 1594 2161 percussionum.

1280 2191 1487 2275 Ergo
1559 2213 1714 2256 uon
1786 2213 1993 2276 opus
2066 2198 2194 2257 est
2264 2193 2862 2256 recitationem
2933 2192 3242 2276 prioris
3311 2192 3843 2272 hemistichii
3907 2191 4004 2255 ad
4054 2192 4376 2256 ictuum

1063 2306 1439 2392 aliquam
1513 2306 1958 2371 formulam
2021 2296 2434 2391 dirigere,
2492 2329 2650 2371 non
2703 2328 2908 2392 opus
2957 2316 3083 2371 est
3133 2330 3440 2373 vanum
3490 2307 3727 2372 illum
3780 2308 4153 2373 laborem
4202 2330 4376 2373 sus·

1065 2425 1350 2508 cipere
1419 2432 1503 2487 ut
1572 2423 1953 2487 moliaris
2015 2423 2504 2487 scandendo
2555 2422 2854 2487 tollere
2906 2424 3223 2508 prioris
3276 2424 3794 2489 hemistichii
3849 2423 4372 2487 varietatem.

1283 2656 1558 2719 Prima
1620 2657 1759 2719 sere
1819 2677 2048 2720 versus
2097 2662 2337 2740 parte
2388 2656 2552 2720 hacc
2603 2656 2887 2721 varietas
2937 2679 3013 2720 ac
3064 2655 3331 2719 licentia
3380 2656 3641 2720 numeri
3694 2664 3756 2719 et
3809 2656 3874 2718 in
3927 2654 4259 2719 Saturniis
4310 2663 4372 2719 ct

1062 2771 1130 2835 in
1204 2770 1536 2855 rhythmis
1606 2769 1734 2835 illis
1805 2771 2185 2835 christianis
2256 2772 2654 2837 continetur.
2754 2772 2936 2856 quod
3007 2771 3264 2836 ratione
3330 2772 3418 2839 fit.
3483 2794 3617 2835 non
3667 2792 3844 2835 casu.
3942 2779 4118 2835 certe
4167 2769 4373 2835 studii

1064 2886 1226 2951 illud
1300 2894 1399 2951 est
1463 2896 1528 2951 et
1582 2887 1946 2951 voluntatis
1997 2888 2419 2971 potissimum
2473 2888 2769 2952 incuntis
2821 2909 3053 2952 versus
3103 2908 3462 2951 numerum
3514 2886 3818 2951 libertate
3868 2886 4161 2971 quadam
4214 2893 4370 2951 tem·

1065 3024 1312 3088 perarc.
1409 3024 1645 3067 sensus
1694 3003 1876 3066 enim
1926 3024 2002 3066 ac
2050 3011 2290 3067 natura
2340 3025 2415 3068 eo
2465 3003 2770 3068 ducebat.
2870 3025 3029 3067 nam
3078 3003 3258 3087 quod
3311 3003 3682 3066 imitatione
3741 3024 3875 3066 nou
3925 3003 4086 3066 satis
4135 3001 4375 3067 callida

1062 3120 1495 3203 antiquorum
1549 3117 2034 3203 exemplarium
2086 3128 2305 3183 ortam
2346 3141 2495 3184 esse
2545 3118 2726 3204 apud
2776 3119 3174 3183 christianos
3225 3118 3598 3183 libertatem
3650 3117 3829 3182 illam
3878 3118 4176 3201 rhythmi
4215 3119 4373 3183 dicit

1067 3234 1486 3300 Ramorinus
1563 3257 1984 3318 quamquam
2055 3234 2179 3300 hoc
2250 3258 2385 3299 non
2453 3235 2698 3299 iniuria
2764 3235 2872 3300 ille
2922 3234 3218 3320 quidem,
3272 3242 3496 3299 tamen
3546 3235 3871 3320 originem
3926 3235 4068 3298 eius
4117 3234 4212 3297 rei
4258 3234 4373 3298 cir·

1062 3351 1450 3416 cumscrihit
1520 3351 2023 3434 angustioribus
2095 3373 2301 3435 quam
2365 3374 2487 3436 par
2544 3360 2642 3416 cst
2693 3351 3018 3417 terminis.
3113 3350 3167 3416 si
3217 3352 3398 3415 enim
3448 3351 3532 3414 ab
3585 3351 3770 3414 nulla
3819 3373 3885 3414 re
3935 3351 4065 3414 alia
4115 3358 4375 3434 praeter

1060 3466 1370 3531 servilem
1440 3467 1885 3531 imitationem
1960 3468 2253 3551 profecta
2324 3475 2496 3536 esset
2567 3467 2679 3531 illa
2743 3475 3146 3531 accentuum
3215 3466 3676 3551 inaequalitas,
3730 3467 3931 3530 etiam
3982 3465 4064 3529 ad
4116 3466 4372 3529 exitum

1063 3604 1295 3647 versus
1345 3582 1721 3666 pertineret.
1821 3583 1885 3645 in
1939 3584 2123 3646 exitu
2172 3582 2351 3677 enim
2404 3604 2636 3648 versus
2685 3583 2973 3648 iambico
3008 3583 3189 3666 apud
3225 3583 3540 3667 antiquos
3575 3581 4023 3666 discrepantia
4056 3589 4371 3646 accentus

1060 3707 1126 3762 et
1194 3699 1365 3763 ictus
1436 3706 1716 3784 apparet
1772 3698 2083 3762 maxime.
2182 3698 2362 3782 quod
2424 3721 2560 3762 non
2621 3698 2819 3763 modo
2871 3720 3005 3763 uon
3055 3698 3298 3762 imitati
3348 3705 3505 3761 sunt
3553 3698 3596 3760 ii
3647 3697 3764 3782 qui
3814 3697 4167 3780 rhythmos
4217 3697 4371 3760 iam-

1061 3814 1242 3878 bicos
1313 3823 1379 3878 et
1448 3814 1816 3878 trochaicos
1879 3814 2265 3878 accentibus
2334 3816 2658 3882 fecerunt,
2719 3790 3085 3879 sedetiam
3139 3814 3349 3878 secuti
3400 3820 3558 3877 sunt
3607 3814 3673 3877 in
3727 3813 4089 3897 posteriore
4140 3835 4373 3877 versus

1065 3938 1249 4013 parte
1321 3951 1655 3994 summam
1730 3938 2043 3994 accentus
2104 3936 2167 3994 et
2222 3931 2395 3994 ictus
2444 3931 3030 4015 conspirationem.
3127 3930 3570 4013 quamobrem
3621 3928 4073 4013 discrepantia
4123 3928 4233 3992 illa
4280 3929 4372 3993 in-

1061 4047 1282 4110 euntis
1331 4046 1630 4130 rhythmi
1682 4067 1816 4109 non
1866 4046 2080 4109 solum
2131 4045 2508 4110 imitatione
2558 4055 2716 4111 nata
2763 4053 2862 4110 est
2911 4068 3147 4110 verum
3198 4047 3403 4110 etiam
3451 4045 3672 4109 studio
3724 4044 3825 4109 vel
3878 4044 4217 4109 facilitatis
4273 4043 4374 4108 vel

1062 4161 1420 4227 varietatis
1518 4170 1720 4246 atque
1793 4162 1992 4226 ctiam
2069 4163 2136 4225 in
2210 4162 2557 4227 Prudentii
2633 4162 2936 4227 versibus
3007 4161 3314 4227 iambicis
3372 4168 3436 4224 et
3485 4160 3838 4224 trochaicis
3888 4161 4004 4244 qui
4054 4181 4374 4224 mensura

1060 4279 1515 4361 quantitatum
1592 4279 1682 4341 ita
1752 4278 2104 4362 compositi
2169 4286 2327 4341 sunt
2383 4288 2453 4342 ut
2507 4300 2752 4362 magna
2802 4284 3115 4341 accentus
3165 4276 3333 4340 ratio
3383 4276 3724 4340 habeatur.
3779 4276 4229 4360 discrepantia
4276 4298 4373 4340 ac·

1061 4403 1296 4458 centus
1369 4403 1431 4458 et
1505 4394 1673 4458 ictus
1744 4394 1811 4457 in
1891 4393 2106 4478 prima
2162 4402 2349 4478 parte
2410 4416 2642 4459 versus
2693 4395 2906 4458 maior
2954 4402 3053 4457 est
3103 4396 3241 4457 fere
3291 4414 3498 4476 quam
3549 4392 3614 4455 in
3649 4383 3902 4456 ¹versus
3952 4392 4154 4456 exitu.
4255 4414 4375 4455 nec

1063 4531 1217 4574 vero
1276 4509 1608 4593 «vulgaris
1658 4518 1888 4594 pocta»
1948 4509 2075 4573 fuit.
2123 4509 2529 4574 Prudentius
2581 4532 2799 4594 neque
2848 4509 2903 4572 is
2954 4510 3065 4593 qui
3120 4509 3263 4572 sine
3313 4518 3453 4572 arte
3502 4515 3619 4572 aut
3667 4508 3810 4571 sine
3862 4508 4108 4571 iudicio
4156 4529 4372 4571 exem-

1060 4626 1272 4710 plaria
1320 4634 1547 4690 vetera
1595 4633 2001 4710 sequeretur.

1275 4858 1546 4921 Servius
1617 4857 1699 4920 ad
1769 4857 1961 4940 Vcrg.
2016 4859 2092 4920 G.
2148 4861 2204 4921 2.
2258 4861 2386 4918 385
2461 4856 2840 4920 «versibus»
2917 4857 3138 4940 inquit
3207 4857 3602 4941 «incomptis
3654 4855 3911 4924 ludunt,
3965 4855 4032 4919 id
4083 4867 4174 4918 est
4229 4876 4364 4918 car—

1064 4973 1359 5037 minibus
1409 4973 1723 5037 Saturnio
1776 4983 1984 5036 metro
2034 4973 2437 5058 compositis,
2492 4972 2670 5056 quod
2743 4971 2836 5035 ad
2900 4971 3388 5054 rhythmum
3439 4970 3698 5034 solum
3753 4971 4151 5052 vulgarit-s
4201 4993 4371 5034 com·

1063 5111 1306 5172 ponere
1379 5097 1850 5153 consuerunt-2.
1951 5090 2074 5154 hoc
2144 5090 2283 5153 loco
2342 5089 2614 5152 Servius
2664 5110 2816 5153 cum
2879 5087 2996 5150 «ad
3049 5088 3444 5170 rhythmum
3497 5087 3751 5151 solum»
3809 5087 3986 5154 dicit,
4038 5086 4102 5149 id
4154 5108 4370 5168 genus

1059 5203 1326 5268 videtur
1396 5205 1777 5289 intellegere
1850 5205 2028 5289 quod
2103 5210 2322 5268 careat
2393 5203 2626 5267 ordine
2702 5203 2952 5287 pedum
3026 5211 3223 5266 certo
3324 5204 3478 5266 item
3562 5203 3942 5265 Victorinus
4015 5205 4160 5263 20⁴5.
4217 5204 4249 5265 ῖ
4306 5203 4387 5265 K.

1070 5320 1494 5403 «Rhythmus
1566 5321 1728 5403 quid
1802 5322 1949 5385 cst‘?
2046 5321 2401 5383 verborum
2477 5317 2824 5383 nmdulata
2893 5320 3290 5403 compositio
3367 5340 3496 5381 nou
3573 5318 3855 5381 metrica
3921 5316 4190 5380 rathme.
4253 5317 4368 5380 scd

1063 5458 1423 5500 numerosa
1494 5437 1842 5499 scansiom*
1914 5436 1996 5500 ad
2071 5436 2396 5500 iudicium
2469 5436 2733 5498 aurium
2810 5436 3213 5507 examinata,
3292 5441 3361 5496 ut
3430 5441 3585 5516 puta
3649 5431 3849 5495 veluti
3902 5443 4054 5496 suut
4109 5435 4372 5496 cantica

1061 5559 1411 5639 poetarum
1464 5552 1909 5634 vulgarium».
2011 5552 2192 5615 Beda
2241 5555 2367 5615 258
2417 5576 2514 5634 sq.
2547 5553 2644 5636 xK
2691 5551 2872 5635 quod
2925 5552 3047 5614 hoc
3096 5550 3177 5614 ad
3231 5557 3629 5612 accentuum
3685 5546 4173 5611 modulationes
4225 5570 4370 5632 poc-
